Poker Hand #HandID123: Hold'em No Limit ($0.01/$0.02) - 2025/01/01 00:00:00
Table 'TableName123' 6-max Seat #1 is the button
Seat 1: Seat1Name123 ($4.91 in chips)
Seat 2: Seat2Name123 ($2.31 in chips)
Seat 3: Hero ($2.33 in chips)
Seat 4: Seat4Name123 ($2.55 in chips)
Seat 5: Seat5Name123 ($1.21 in chips)
Seat 6: Seat6Name123 ($3.55 in chips)
Seat2Name123: posts small blind $0.01
Hero: posts big blind $0.02
*** HOLE CARDS ***
Dealt to Seat1Name123 
Dealt to Seat2Name123 
Dealt to Hero [Ac 5s]
Dealt to Seat4Name123 
Dealt to Seat5Name123 
Dealt to Seat6Name123 
Seat4Name123: raises $0.03 to $0.05
Seat5Name123: folds
Seat6Name123: folds
Seat1Name123: folds
Seat2Name123: folds
Hero: folds
Uncalled bet ($0.03) returned to Seat4Name123
*** SHOWDOWN ***
Seat4Name123 collected $0.05 from pot
*** SUMMARY ***
Total pot $0.05 | Rake $0 | Jackpot $0 | Bingo $0 | Fortune $0 | Tax $0
Seat 1: Seat1Name123 (button) folded before Flop (didn't bet)
Seat 2: Seat2Name123 (small blind) folded before Flop
Seat 3: Hero (big blind) folded before Flop
Seat 4: Seat4Name123 collected ($0.05)
Seat 5: Seat5Name123 folded before Flop (didn't bet)
Seat 6: Seat6Name123 folded before Flop (didn't bet)


Poker Hand #HandID123: Hold'em No Limit ($0.01/$0.02) - 2025/01/01 00:00:00
Table 'TableName123' 6-max Seat #1 is the button
Seat 1: Seat1Name123 ($2 in chips)
Seat 2: Seat2Name123 ($1.57 in chips)
Seat 3: Seat3Name123 ($2.25 in chips)
Seat 4: Seat4Name123 ($5.3 in chips)
Seat 5: Hero ($2.03 in chips)
Seat 6: Seat6Name123 ($1.87 in chips)
Seat2Name123: posts small blind $0.01
Seat3Name123: posts big blind $0.02
*** HOLE CARDS ***
Dealt to Seat1Name123 
Dealt to Seat2Name123 
Dealt to Seat3Name123 
Dealt to Seat4Name123 
Dealt to Hero [7c 7d]
Dealt to Seat6Name123 
Seat4Name123: folds
Hero: raises $0.03 to $0.05
Seat6Name123: folds
Seat1Name123: raises $0.1 to $0.15
Seat2Name123: calls $0.14
Seat3Name123: folds
Hero: calls $0.1
*** FLOP *** [2h 4h 7h]
Seat2Name123: checks
Hero: checks
Seat1Name123: checks
*** TURN *** [2h 4h 7h] [Jd]
Seat2Name123: checks
Hero: bets $0.16
Seat1Name123: folds
Seat2Name123: folds
Uncalled bet ($0.16) returned to Hero
*** SHOWDOWN ***
Hero collected $0.45 from pot
*** SUMMARY ***
Total pot $0.47 | Rake $0.02 | Jackpot $0 | Bingo $0 | Fortune $0 | Tax $0
Board [2h 4h 7h Jd]
Seat 1: Seat1Name123 (button) folded on the Turn
Seat 2: Seat2Name123 (small blind) folded on the Turn
Seat 3: Seat3Name123 (big blind) folded before Flop
Seat 4: Seat4Name123 folded before Flop (didn't bet)
Seat 5: Hero won ($0.45)
Seat 6: Seat6Name123 folded before Flop (didn't bet)


Poker Hand #HandID123: Hold'em No Limit ($0.01/$0.02) - 2025/01/01 00:00:00
Table 'TableName123' 6-max Seat #1 is the button
Seat 1: Seat1Name123 ($3.93 in chips)
Seat 2: Seat2Name123 ($8.58 in chips)
Seat 3: Seat3Name123 ($3.06 in chips)
Seat 4: Hero ($2.08 in chips)
Seat 5: Seat5Name123 ($1.09 in chips)
Seat 6: Seat6Name123 ($2.95 in chips)
Seat2Name123: posts small blind $0.01
Seat3Name123: posts big blind $0.02
*** HOLE CARDS ***
Dealt to Seat1Name123 
Dealt to Seat2Name123 
Dealt to Seat3Name123 
Dealt to Hero [Ks Ad]
Dealt to Seat5Name123 
Dealt to Seat6Name123 
Hero: raises $0.03 to $0.05
Seat5Name123: folds
Seat6Name123: calls $0.05
Seat1Name123: folds
Seat2Name123: folds
Seat3Name123: folds
*** FLOP *** [5s 5d 8d]
Hero: bets $0.07
Seat6Name123: calls $0.07
*** TURN *** [5s 5d 8d] [3h]
Hero: checks
Seat6Name123: bets $0.1
Hero: folds
Uncalled bet ($0.1) returned to Seat6Name123
*** SHOWDOWN ***
Seat6Name123 collected $0.26 from pot
*** SUMMARY ***
Total pot $0.27 | Rake $0.01 | Jackpot $0 | Bingo $0 | Fortune $0 | Tax $0
Board [5s 5d 8d 3h]
Seat 1: Seat1Name123 (button) folded before Flop (didn't bet)
Seat 2: Seat2Name123 (small blind) folded before Flop
Seat 3: Seat3Name123 (big blind) folded before Flop
Seat 4: Hero folded on the Turn
Seat 5: Seat5Name123 folded before Flop (didn't bet)
Seat 6: Seat6Name123 won ($0.26)


Poker Hand #HandID123: Hold'em No Limit ($0.01/$0.02) - 2025/01/01 00:00:00
Table 'TableName123' 6-max Seat #1 is the button
Seat 1: Hero ($2.08 in chips)
Seat 2: Seat2Name123 ($3.6 in chips)
Seat 3: Seat3Name123 ($2.35 in chips)
Seat 4: Seat4Name123 ($2.43 in chips)
Seat 5: Seat5Name123 ($3.93 in chips)
Seat 6: Seat6Name123 ($3.32 in chips)
Seat2Name123: posts small blind $0.01
Seat3Name123: posts big blind $0.02
*** HOLE CARDS ***
Dealt to Hero [Ts 6d]
Dealt to Seat2Name123 
Dealt to Seat3Name123 
Dealt to Seat4Name123 
Dealt to Seat5Name123 
Dealt to Seat6Name123 
Seat4Name123: folds
Seat5Name123: folds
Seat6Name123: raises $0.04 to $0.06
Hero: folds
Seat2Name123: folds
Seat3Name123: folds
Uncalled bet ($0.04) returned to Seat6Name123
*** SHOWDOWN ***
Seat6Name123 collected $0.05 from pot
*** SUMMARY ***
Total pot $0.05 | Rake $0 | Jackpot $0 | Bingo $0 | Fortune $0 | Tax $0
Seat 1: Hero (button) folded before Flop (didn't bet)
Seat 2: Seat2Name123 (small blind) folded before Flop
Seat 3: Seat3Name123 (big blind) folded before Flop
Seat 4: Seat4Name123 folded before Flop (didn't bet)
Seat 5: Seat5Name123 folded before Flop (didn't bet)
Seat 6: Seat6Name123 collected ($0.05)


Poker Hand #HandID123: Hold'em No Limit ($0.01/$0.02) - 2025/01/01 00:00:00
Table 'TableName123' 6-max Seat #1 is the button
Seat 1: Seat1Name123 ($5.07 in chips)
Seat 2: Seat2Name123 ($3.33 in chips)
Seat 3: Hero ($2.1 in chips)
Seat 4: Seat4Name123 ($3.82 in chips)
Seat 5: Seat5Name123 ($2.4 in chips)
Seat 6: Seat6Name123 ($4.52 in chips)
Seat2Name123: posts small blind $0.01
Hero: posts big blind $0.02
*** HOLE CARDS ***
Dealt to Seat1Name123 
Dealt to Seat2Name123 
Dealt to Hero [5d 2h]
Dealt to Seat4Name123 
Dealt to Seat5Name123 
Dealt to Seat6Name123 
Seat4Name123: folds
Seat5Name123: folds
Seat6Name123: folds
Seat1Name123: folds
Seat2Name123: folds
Uncalled bet ($0.01) returned to Hero
*** SHOWDOWN ***
Hero collected $0.02 from pot
*** SUMMARY ***
Total pot $0.02 | Rake $0 | Jackpot $0 | Bingo $0 | Fortune $0 | Tax $0
Seat 1: Seat1Name123 (button) folded before Flop (didn't bet)
Seat 2: Seat2Name123 (small blind) folded before Flop
Seat 3: Hero (big blind) collected ($0.02)
Seat 4: Seat4Name123 folded before Flop (didn't bet)
Seat 5: Seat5Name123 folded before Flop (didn't bet)
Seat 6: Seat6Name123 folded before Flop (didn't bet)


Poker Hand #HandID123: Hold'em No Limit ($0.01/$0.02) - 2025/01/01 00:00:00
Table 'TableName123' 6-max Seat #1 is the button
Seat 1: Hero ($2.1 in chips)
Seat 2: Seat2Name123 ($5.18 in chips)
Seat 3: Seat3Name123 ($2.11 in chips)
Seat 4: Seat4Name123 ($3.59 in chips)
Seat 5: Seat5Name123 ($2.02 in chips)
Seat 6: Seat6Name123 ($2 in chips)
Seat2Name123: posts small blind $0.01
Seat3Name123: posts big blind $0.02
*** HOLE CARDS ***
Dealt to Hero [Qd 7c]
Dealt to Seat2Name123 
Dealt to Seat3Name123 
Dealt to Seat4Name123 
Dealt to Seat5Name123 
Dealt to Seat6Name123 
Seat4Name123: folds
Seat5Name123: raises $0.04 to $0.06
Seat6Name123: folds
Hero: folds
Seat2Name123: folds
Seat3Name123: folds
Uncalled bet ($0.04) returned to Seat5Name123
*** SHOWDOWN ***
Seat5Name123 collected $0.05 from pot
*** SUMMARY ***
Total pot $0.05 | Rake $0 | Jackpot $0 | Bingo $0 | Fortune $0 | Tax $0
Seat 1: Hero (button) folded before Flop (didn't bet)
Seat 2: Seat2Name123 (small blind) folded before Flop
Seat 3: Seat3Name123 (big blind) folded before Flop
Seat 4: Seat4Name123 folded before Flop (didn't bet)
Seat 5: Seat5Name123 collected ($0.05)
Seat 6: Seat6Name123 folded before Flop (didn't bet)


Poker Hand #HandID123: Hold'em No Limit ($0.01/$0.02) - 2025/01/01 00:00:00
Table 'TableName123' 6-max Seat #1 is the button
Seat 1: Seat1Name123 ($2.62 in chips)
Seat 2: Hero ($2.11 in chips)
Seat 3: Seat3Name123 ($2.62 in chips)
Seat 4: Seat4Name123 ($1.6 in chips)
Seat 5: Seat5Name123 ($3.16 in chips)
Seat 6: Seat6Name123 ($1.04 in chips)
Hero: posts small blind $0.01
Seat3Name123: posts big blind $0.02
*** HOLE CARDS ***
Dealt to Seat1Name123 
Dealt to Hero [9c 4d]
Dealt to Seat3Name123 
Dealt to Seat4Name123 
Dealt to Seat5Name123 
Dealt to Seat6Name123 
Seat4Name123: folds
Seat5Name123: folds
Seat6Name123: folds
Seat1Name123: folds
Hero: folds
Uncalled bet ($0.01) returned to Seat3Name123
*** SHOWDOWN ***
Seat3Name123 collected $0.02 from pot
*** SUMMARY ***
Total pot $0.02 | Rake $0 | Jackpot $0 | Bingo $0 | Fortune $0 | Tax $0
Seat 1: Seat1Name123 (button) folded before Flop (didn't bet)
Seat 2: Hero (small blind) folded before Flop
Seat 3: Seat3Name123 (big blind) collected ($0.02)
Seat 4: Seat4Name123 folded before Flop (didn't bet)
Seat 5: Seat5Name123 folded before Flop (didn't bet)
Seat 6: Seat6Name123 folded before Flop (didn't bet)


Poker Hand #HandID123: Hold'em No Limit ($0.01/$0.02) - 2025/01/01 00:00:00
Table 'TableName123' 6-max Seat #1 is the button
Seat 1: Seat1Name123 ($1.49 in chips)
Seat 2: Seat2Name123 ($1.54 in chips)
Seat 3: Seat3Name123 ($3.01 in chips)
Seat 4: Seat4Name123 ($1.96 in chips)
Seat 5: Hero ($2.83 in chips)
Seat 6: Seat6Name123 ($2.8 in chips)
Seat2Name123: posts small blind $0.01
Seat3Name123: posts big blind $0.02
*** HOLE CARDS ***
Dealt to Seat1Name123 
Dealt to Seat2Name123 
Dealt to Seat3Name123 
Dealt to Seat4Name123 
Dealt to Hero [As Jc]
Dealt to Seat6Name123 
Seat4Name123: raises $0.02 to $0.04
Hero: raises $0.12 to $0.16
Seat6Name123: folds
Seat1Name123: folds
Seat2Name123: folds
Seat3Name123: folds
Seat4Name123: calls $0.12
*** FLOP *** [4s 3h Jd]
Seat4Name123: checks
Hero: checks
*** TURN *** [4s 3h Jd] [Ks]
Seat4Name123: checks
Hero: bets $0.14
Seat4Name123: calls $0.14
*** RIVER *** [4s 3h Jd Ks] [Th]
Seat4Name123: checks
Hero: bets $0.42
Seat4Name123: calls $0.42
Hero: shows [As Jc] (Pair of Jacks)
Seat4Name123: shows [Kc Tc] (Pair of Kings and Pair of Tens)
*** SHOWDOWN ***
Seat4Name123 collected $1.38 from pot
*** SUMMARY ***
Total pot $1.47 | Rake $0.06 | Jackpot $0.03 | Bingo $0 | Fortune $0 | Tax $0
Board [4s 3h Jd Ks Th]
Seat 1: Seat1Name123 (button) folded before Flop (didn't bet)
Seat 2: Seat2Name123 (small blind) folded before Flop
Seat 3: Seat3Name123 (big blind) folded before Flop
Seat 4: Seat4Name123 showed [Kc Tc] and won ($1.38) with Pair of Kings and Pair of Tens
Seat 5: Hero showed [As Jc] and lost with Pair of Jacks
Seat 6: Seat6Name123 folded before Flop (didn't bet)


Poker Hand #HandID123: Hold'em No Limit ($0.01/$0.02) - 2025/01/01 00:00:00
Table 'TableName123' 6-max Seat #1 is the button
Seat 1: Seat1Name123 ($2.02 in chips)
Seat 2: Seat2Name123 ($3.99 in chips)
Seat 3: Seat3Name123 ($6.32 in chips)
Seat 4: Hero ($2.83 in chips)
Seat 5: Seat5Name123 ($2.98 in chips)
Seat 6: Seat6Name123 ($2.09 in chips)
Seat2Name123: posts small blind $0.01
Seat3Name123: posts big blind $0.02
*** HOLE CARDS ***
Dealt to Seat1Name123 
Dealt to Seat2Name123 
Dealt to Seat3Name123 
Dealt to Hero [2h Ts]
Dealt to Seat5Name123 
Dealt to Seat6Name123 
Hero: folds
Seat5Name123: folds
Seat6Name123: raises $0.02 to $0.04
Seat1Name123: folds
Seat2Name123: calls $0.03
Seat3Name123: folds
*** FLOP *** [8h 4s 3h]
Seat2Name123: checks
Seat6Name123: bets $0.05
Seat2Name123: folds
Uncalled bet ($0.05) returned to Seat6Name123
*** SHOWDOWN ***
Seat6Name123 collected $0.1 from pot
*** SUMMARY ***
Total pot $0.1 | Rake $0 | Jackpot $0 | Bingo $0 | Fortune $0 | Tax $0
Board [8h 4s 3h]
Seat 1: Seat1Name123 (button) folded before Flop (didn't bet)
Seat 2: Seat2Name123 (small blind) folded on the Flop
Seat 3: Seat3Name123 (big blind) folded before Flop
Seat 4: Hero folded before Flop (didn't bet)
Seat 5: Seat5Name123 folded before Flop (didn't bet)
Seat 6: Seat6Name123 won ($0.1)


Poker Hand #HandID123: Hold'em No Limit ($0.01/$0.02) - 2025/01/01 00:00:00
Table 'TableName123' 6-max Seat #1 is the button
Seat 1: Seat1Name123 ($2 in chips)
Seat 2: Seat2Name123 ($4.1 in chips)
Seat 3: Seat3Name123 ($3.4 in chips)
Seat 4: Seat4Name123 ($2 in chips)
Seat 5: Seat5Name123 ($5.73 in chips)
Seat 6: Hero ($2.83 in chips)
Seat2Name123: posts small blind $0.01
Seat3Name123: posts big blind $0.02
*** HOLE CARDS ***
Dealt to Seat1Name123 
Dealt to Seat2Name123 
Dealt to Seat3Name123 
Dealt to Seat4Name123 
Dealt to Seat5Name123 
Dealt to Hero [5s 8c]
Seat4Name123: folds
Seat5Name123: folds
Hero: folds
Seat1Name123: folds
Seat2Name123: folds
Uncalled bet ($0.01) returned to Seat3Name123
*** SHOWDOWN ***
Seat3Name123 collected $0.02 from pot
*** SUMMARY ***
Total pot $0.02 | Rake $0 | Jackpot $0 | Bingo $0 | Fortune $0 | Tax $0
Seat 1: Seat1Name123 (button) folded before Flop (didn't bet)
Seat 2: Seat2Name123 (small blind) folded before Flop
Seat 3: Seat3Name123 (big blind) collected ($0.02)
Seat 4: Seat4Name123 folded before Flop (didn't bet)
Seat 5: Seat5Name123 folded before Flop (didn't bet)
Seat 6: Hero folded before Flop (didn't bet)


Poker Hand #HandID123: Hold'em No Limit ($0.01/$0.02) - 2025/01/01 00:00:00
Table 'TableName123' 6-max Seat #1 is the button
Seat 1: Seat1Name123 ($3.37 in chips)
Seat 2: Hero ($2.84 in chips)
Seat 3: Seat3Name123 ($2.67 in chips)
Seat 4: Seat4Name123 ($4.26 in chips)
Seat 5: Seat5Name123 ($5.92 in chips)
Seat 6: Seat6Name123 ($2 in chips)
Hero: posts small blind $0.01
Seat3Name123: posts big blind $0.02
*** HOLE CARDS ***
Dealt to Seat1Name123 
Dealt to Hero [Ts 3d]
Dealt to Seat3Name123 
Dealt to Seat4Name123 
Dealt to Seat5Name123 
Dealt to Seat6Name123 
Seat4Name123: folds
Seat5Name123: raises $0.03 to $0.05
Seat6Name123: folds
Seat1Name123: folds
Hero: folds
Seat3Name123: folds
Uncalled bet ($0.03) returned to Seat5Name123
*** SHOWDOWN ***
Seat5Name123 collected $0.05 from pot
*** SUMMARY ***
Total pot $0.05 | Rake $0 | Jackpot $0 | Bingo $0 | Fortune $0 | Tax $0
Seat 1: Seat1Name123 (button) folded before Flop (didn't bet)
Seat 2: Hero (small blind) folded before Flop
Seat 3: Seat3Name123 (big blind) folded before Flop
Seat 4: Seat4Name123 folded before Flop (didn't bet)
Seat 5: Seat5Name123 collected ($0.05)
Seat 6: Seat6Name123 folded before Flop (didn't bet)


Poker Hand #HandID123: Hold'em No Limit ($0.01/$0.02) - 2025/01/01 00:00:00
Table 'TableName123' 6-max Seat #1 is the button
Seat 1: Seat1Name123 ($4.98 in chips)
Seat 2: Seat2Name123 ($7.92 in chips)
Seat 3: Hero ($2.83 in chips)
Seat 4: Seat4Name123 ($13.74 in chips)
Seat 5: Seat5Name123 ($4.59 in chips)
Seat 6: Seat6Name123 ($3.11 in chips)
Seat2Name123: posts small blind $0.01
Hero: posts big blind $0.02
*** HOLE CARDS ***
Dealt to Seat1Name123 
Dealt to Seat2Name123 
Dealt to Hero [Kh 8d]
Dealt to Seat4Name123 
Dealt to Seat5Name123 
Dealt to Seat6Name123 
Seat4Name123: folds
Seat5Name123: folds
Seat6Name123: folds
Seat1Name123: folds
Seat2Name123: folds
Uncalled bet ($0.01) returned to Hero
*** SHOWDOWN ***
Hero collected $0.02 from pot
*** SUMMARY ***
Total pot $0.02 | Rake $0 | Jackpot $0 | Bingo $0 | Fortune $0 | Tax $0
Seat 1: Seat1Name123 (button) folded before Flop (didn't bet)
Seat 2: Seat2Name123 (small blind) folded before Flop
Seat 3: Hero (big blind) collected ($0.02)
Seat 4: Seat4Name123 folded before Flop (didn't bet)
Seat 5: Seat5Name123 folded before Flop (didn't bet)
Seat 6: Seat6Name123 folded before Flop (didn't bet)


Poker Hand #HandID123: Hold'em No Limit ($0.01/$0.02) - 2025/01/01 00:00:00
Table 'TableName123' 6-max Seat #1 is the button
Seat 1: Seat1Name123 ($2.16 in chips)
Seat 2: Seat2Name123 ($6.82 in chips)
Seat 3: Seat3Name123 ($3.36 in chips)
Seat 4: Seat4Name123 ($2.03 in chips)
Seat 5: Seat5Name123 ($3.2 in chips)
Seat 6: Hero ($2.8 in chips)
Seat2Name123: posts small blind $0.01
Seat3Name123: posts big blind $0.02
*** HOLE CARDS ***
Dealt to Seat1Name123 
Dealt to Seat2Name123 
Dealt to Seat3Name123 
Dealt to Seat4Name123 
Dealt to Seat5Name123 
Dealt to Hero [As Jd]
Seat4Name123: folds
Seat5Name123: folds
Hero: raises $0.03 to $0.05
Seat1Name123: folds
Seat2Name123: folds
Seat3Name123: folds
Uncalled bet ($0.03) returned to Hero
*** SHOWDOWN ***
Hero collected $0.05 from pot
*** SUMMARY ***
Total pot $0.05 | Rake $0 | Jackpot $0 | Bingo $0 | Fortune $0 | Tax $0
Seat 1: Seat1Name123 (button) folded before Flop (didn't bet)
Seat 2: Seat2Name123 (small blind) folded before Flop
Seat 3: Seat3Name123 (big blind) folded before Flop
Seat 4: Seat4Name123 folded before Flop (didn't bet)
Seat 5: Seat5Name123 folded before Flop (didn't bet)
Seat 6: Hero collected ($0.05)


Poker Hand #HandID123: Hold'em No Limit ($0.01/$0.02) - 2025/01/01 00:00:00
Table 'TableName123' 6-max Seat #1 is the button
Seat 1: Seat1Name123 ($2.1 in chips)
Seat 2: Seat2Name123 ($1.94 in chips)
Seat 3: Seat3Name123 ($3.01 in chips)
Seat 4: Hero ($2.8 in chips)
Seat 5: Seat5Name123 ($2 in chips)
Seat 6: Seat6Name123 ($2.98 in chips)
Seat2Name123: posts small blind $0.01
Seat3Name123: posts big blind $0.02
*** HOLE CARDS ***
Dealt to Seat1Name123 
Dealt to Seat2Name123 
Dealt to Seat3Name123 
Dealt to Hero [4s 7c]
Dealt to Seat5Name123 
Dealt to Seat6Name123 
Hero: folds
Seat5Name123: folds
Seat6Name123: folds
Seat1Name123: folds
Seat2Name123: folds
Uncalled bet ($0.01) returned to Seat3Name123
*** SHOWDOWN ***
Seat3Name123 collected $0.02 from pot
*** SUMMARY ***
Total pot $0.02 | Rake $0 | Jackpot $0 | Bingo $0 | Fortune $0 | Tax $0
Seat 1: Seat1Name123 (button) folded before Flop (didn't bet)
Seat 2: Seat2Name123 (small blind) folded before Flop
Seat 3: Seat3Name123 (big blind) collected ($0.02)
Seat 4: Hero folded before Flop (didn't bet)
Seat 5: Seat5Name123 folded before Flop (didn't bet)
Seat 6: Seat6Name123 folded before Flop (didn't bet)


Poker Hand #HandID123: Hold'em No Limit ($0.01/$0.02) - 2025/01/01 00:00:00
Table 'TableName123' 6-max Seat #1 is the button
Seat 1: Seat1Name123 ($1.97 in chips)
Seat 2: Seat2Name123 ($2.58 in chips)
Seat 3: Seat3Name123 ($1.8 in chips)
Seat 4: Hero ($2.8 in chips)
Seat 5: Seat5Name123 ($1.97 in chips)
Seat 6: Seat6Name123 ($2.17 in chips)
Seat2Name123: posts small blind $0.01
Seat3Name123: posts big blind $0.02
*** HOLE CARDS ***
Dealt to Seat1Name123 
Dealt to Seat2Name123 
Dealt to Seat3Name123 
Dealt to Hero [Ks 2s]
Dealt to Seat5Name123 
Dealt to Seat6Name123 
Hero: folds
Seat5Name123: raises $0.02 to $0.04
Seat6Name123: folds
Seat1Name123: folds
Seat2Name123: folds
Seat3Name123: folds
Uncalled bet ($0.02) returned to Seat5Name123
*** SHOWDOWN ***
Seat5Name123 collected $0.05 from pot
*** SUMMARY ***
Total pot $0.05 | Rake $0 | Jackpot $0 | Bingo $0 | Fortune $0 | Tax $0
Seat 1: Seat1Name123 (button) folded before Flop (didn't bet)
Seat 2: Seat2Name123 (small blind) folded before Flop
Seat 3: Seat3Name123 (big blind) folded before Flop
Seat 4: Hero folded before Flop (didn't bet)
Seat 5: Seat5Name123 collected ($0.05)
Seat 6: Seat6Name123 folded before Flop (didn't bet)


Poker Hand #HandID123: Hold'em No Limit ($0.01/$0.02) - 2025/01/01 00:00:00
Table 'TableName123' 6-max Seat #1 is the button
Seat 1: Seat1Name123 ($1.97 in chips)
Seat 2: Seat2Name123 ($2.18 in chips)
Seat 3: Seat3Name123 ($7.32 in chips)
Seat 4: Seat4Name123 ($2.51 in chips)
Seat 5: Hero ($2.8 in chips)
Seat 6: Seat6Name123 ($2 in chips)
Seat2Name123: posts small blind $0.01
Seat3Name123: posts big blind $0.02
*** HOLE CARDS ***
Dealt to Seat1Name123 
Dealt to Seat2Name123 
Dealt to Seat3Name123 
Dealt to Seat4Name123 
Dealt to Hero [4h 5c]
Dealt to Seat6Name123 
Seat4Name123: folds
Hero: folds
Seat6Name123: folds
Seat1Name123: folds
Seat2Name123: raises $0.03 to $0.05
Seat3Name123: folds
Uncalled bet ($0.03) returned to Seat2Name123
*** SHOWDOWN ***
Seat2Name123 collected $0.04 from pot
*** SUMMARY ***
Total pot $0.04 | Rake $0 | Jackpot $0 | Bingo $0 | Fortune $0 | Tax $0
Seat 1: Seat1Name123 (button) folded before Flop (didn't bet)
Seat 2: Seat2Name123 (small blind) collected ($0.04)
Seat 3: Seat3Name123 (big blind) folded before Flop
Seat 4: Seat4Name123 folded before Flop (didn't bet)
Seat 5: Hero folded before Flop (didn't bet)
Seat 6: Seat6Name123 folded before Flop (didn't bet)


Poker Hand #HandID123: Hold'em No Limit ($0.01/$0.02) - 2025/01/01 00:00:00
Table 'TableName123' 6-max Seat #1 is the button
Seat 1: Hero ($2.8 in chips)
Seat 2: Seat2Name123 ($1.14 in chips)
Seat 3: Seat3Name123 ($1.38 in chips)
Seat 4: Seat4Name123 ($2.04 in chips)
Seat 5: Seat5Name123 ($4.62 in chips)
Seat 6: Seat6Name123 ($2.06 in chips)
Seat2Name123: posts small blind $0.01
Seat3Name123: posts big blind $0.02
*** HOLE CARDS ***
Dealt to Hero [Jc 5d]
Dealt to Seat2Name123 
Dealt to Seat3Name123 
Dealt to Seat4Name123 
Dealt to Seat5Name123 
Dealt to Seat6Name123 
Seat4Name123: raises $0.03 to $0.05
Seat5Name123: folds
Seat6Name123: folds
Hero: folds
Seat2Name123: calls $0.04
Seat3Name123: folds
*** FLOP *** [Qs 7c Qd]
Seat2Name123: checks
Seat4Name123: checks
*** TURN *** [Qs 7c Qd] [8h]
Seat2Name123: checks
Seat4Name123: bets $0.06
Seat2Name123: folds
Uncalled bet ($0.06) returned to Seat4Name123
*** SHOWDOWN ***
Seat4Name123 collected $0.12 from pot
*** SUMMARY ***
Total pot $0.12 | Rake $0 | Jackpot $0 | Bingo $0 | Fortune $0 | Tax $0
Board [Qs 7c Qd 8h]
Seat 1: Hero (button) folded before Flop (didn't bet)
Seat 2: Seat2Name123 (small blind) folded on the Turn
Seat 3: Seat3Name123 (big blind) folded before Flop
Seat 4: Seat4Name123 won ($0.12)
Seat 5: Seat5Name123 folded before Flop (didn't bet)
Seat 6: Seat6Name123 folded before Flop (didn't bet)


Poker Hand #HandID123: Hold'em No Limit ($0.01/$0.02) - 2025/01/01 00:00:00
Table 'TableName123' 6-max Seat #1 is the button
Seat 1: Seat1Name123 ($1.54 in chips)
Seat 2: Hero ($3.1 in chips)
Seat 3: Seat3Name123 ($0.89 in chips)
Seat 4: Seat4Name123 ($2.28 in chips)
Seat 5: Seat5Name123 ($2.03 in chips)
Seat 6: Seat6Name123 ($4.07 in chips)
Hero: posts small blind $0.01
Seat3Name123: posts big blind $0.02
*** HOLE CARDS ***
Dealt to Seat1Name123 
Dealt to Hero [Jd 7h]
Dealt to Seat3Name123 
Dealt to Seat4Name123 
Dealt to Seat5Name123 
Dealt to Seat6Name123 
Seat4Name123: folds
Seat5Name123: folds
Seat6Name123: folds
Seat1Name123: folds
Hero: raises $0.04 to $0.06
Seat3Name123: calls $0.04
*** FLOP *** [5d Ad 5s]
Hero: bets $0.06
Seat3Name123: calls $0.06
*** TURN *** [5d Ad 5s] [Kc]
Hero: bets $0.18
Seat3Name123: raises $0.59 to $0.77 and is all-in
Hero: folds
Uncalled bet ($0.59) returned to Seat3Name123
*** SHOWDOWN ***
Seat3Name123 collected $0.55 from pot
*** SUMMARY ***
Total pot $0.6 | Rake $0.02 | Jackpot $0.03 | Bingo $0 | Fortune $0 | Tax $0
Board [5d Ad 5s Kc]
Seat 1: Seat1Name123 (button) folded before Flop (didn't bet)
Seat 2: Hero (small blind) folded on the Turn
Seat 3: Seat3Name123 (big blind) won ($0.55)
Seat 4: Seat4Name123 folded before Flop (didn't bet)
Seat 5: Seat5Name123 folded before Flop (didn't bet)
Seat 6: Seat6Name123 folded before Flop (didn't bet)


Poker Hand #HandID123: Hold'em No Limit ($0.01/$0.02) - 2025/01/01 00:00:00
Table 'TableName123' 6-max Seat #1 is the button
Seat 1: Seat1Name123 ($2 in chips)
Seat 2: Seat2Name123 ($2.79 in chips)
Seat 3: Hero ($3.12 in chips)
Seat 4: Seat4Name123 ($1.9 in chips)
Seat 5: Seat5Name123 ($2.23 in chips)
Seat 6: Seat6Name123 ($2 in chips)
Seat2Name123: posts small blind $0.01
Hero: posts big blind $0.02
*** HOLE CARDS ***
Dealt to Seat1Name123 
Dealt to Seat2Name123 
Dealt to Hero [Jd 3h]
Dealt to Seat4Name123 
Dealt to Seat5Name123 
Dealt to Seat6Name123 
Seat4Name123: folds
Seat5Name123: folds
Seat6Name123: folds
Seat1Name123: raises $0.03 to $0.05
Seat2Name123: folds
Hero: folds
Uncalled bet ($0.03) returned to Seat1Name123
*** SHOWDOWN ***
Seat1Name123 collected $0.05 from pot
*** SUMMARY ***
Total pot $0.05 | Rake $0 | Jackpot $0 | Bingo $0 | Fortune $0 | Tax $0
Seat 1: Seat1Name123 (button) collected ($0.05)
Seat 2: Seat2Name123 (small blind) folded before Flop
Seat 3: Hero (big blind) folded before Flop
Seat 4: Seat4Name123 folded before Flop (didn't bet)
Seat 5: Seat5Name123 folded before Flop (didn't bet)
Seat 6: Seat6Name123 folded before Flop (didn't bet)


Poker Hand #HandID123: Hold'em No Limit ($0.01/$0.02) - 2025/01/01 00:00:00
Table 'TableName123' 6-max Seat #1 is the button
Seat 1: Seat1Name123 ($2.16 in chips)
Seat 2: Seat2Name123 ($3.09 in chips)
Seat 3: Seat3Name123 ($2.54 in chips)
Seat 4: Hero ($3.12 in chips)
Seat 5: Seat5Name123 ($2.05 in chips)
Seat 6: Seat6Name123 ($3.06 in chips)
Seat2Name123: posts small blind $0.01
Seat3Name123: posts big blind $0.02
*** HOLE CARDS ***
Dealt to Seat1Name123 
Dealt to Seat2Name123 
Dealt to Seat3Name123 
Dealt to Hero [9d 8h]
Dealt to Seat5Name123 
Dealt to Seat6Name123 
Hero: folds
Seat5Name123: folds
Seat6Name123: folds
Seat1Name123: folds
Seat2Name123: raises $0.03 to $0.05
Seat3Name123: calls $0.03
*** FLOP *** [Kc 7h Qs]
Seat2Name123: checks
Seat3Name123: bets $0.08
Seat2Name123: calls $0.08
*** TURN *** [Kc 7h Qs] [Js]
Seat2Name123: checks
Seat3Name123: bets $0.13
Seat2Name123: calls $0.13
*** RIVER *** [Kc 7h Qs Js] [6h]
Seat2Name123: checks
Seat3Name123: bets $0.7
Seat2Name123: folds
Uncalled bet ($0.7) returned to Seat3Name123
*** SHOWDOWN ***
Seat3Name123 collected $0.5 from pot
*** SUMMARY ***
Total pot $0.52 | Rake $0.02 | Jackpot $0 | Bingo $0 | Fortune $0 | Tax $0
Board [Kc 7h Qs Js 6h]
Seat 1: Seat1Name123 (button) folded before Flop (didn't bet)
Seat 2: Seat2Name123 (small blind) folded on the River
Seat 3: Seat3Name123 (big blind) won ($0.5)
Seat 4: Hero folded before Flop (didn't bet)
Seat 5: Seat5Name123 folded before Flop (didn't bet)
Seat 6: Seat6Name123 folded before Flop (didn't bet)


Poker Hand #HandID123: Hold'em No Limit ($0.01/$0.02) - 2025/01/01 00:00:00
Table 'TableName123' 6-max Seat #1 is the button
Seat 1: Seat1Name123 ($2.56 in chips)
Seat 2: Seat2Name123 ($3.17 in chips)
Seat 3: Seat3Name123 ($7.75 in chips)
Seat 4: Seat4Name123 ($2.42 in chips)
Seat 5: Seat5Name123 ($2.2 in chips)
Seat 6: Hero ($3.12 in chips)
Seat2Name123: posts small blind $0.01
Seat3Name123: posts big blind $0.02
*** HOLE CARDS ***
Dealt to Seat1Name123 
Dealt to Seat2Name123 
Dealt to Seat3Name123 
Dealt to Seat4Name123 
Dealt to Seat5Name123 
Dealt to Hero [Qh 2d]
Seat4Name123: folds
Seat5Name123: folds
Hero: folds
Seat1Name123: raises $0.03 to $0.05
Seat2Name123: folds
Seat3Name123: raises $0.17 to $0.22
Seat1Name123: calls $0.17
*** FLOP *** [7d 4d Kd]
Seat3Name123: checks
Seat1Name123: bets $0.23
Seat3Name123: folds
Uncalled bet ($0.23) returned to Seat1Name123
*** SHOWDOWN ***
Seat1Name123 collected $0.43 from pot
*** SUMMARY ***
Total pot $0.45 | Rake $0.02 | Jackpot $0 | Bingo $0 | Fortune $0 | Tax $0
Board [7d 4d Kd]
Seat 1: Seat1Name123 (button) won ($0.43)
Seat 2: Seat2Name123 (small blind) folded before Flop
Seat 3: Seat3Name123 (big blind) folded on the Flop
Seat 4: Seat4Name123 folded before Flop (didn't bet)
Seat 5: Seat5Name123 folded before Flop (didn't bet)
Seat 6: Hero folded before Flop (didn't bet)


Poker Hand #HandID123: Hold'em No Limit ($0.01/$0.02) - 2025/01/01 00:00:00
Table 'TableName123' 6-max Seat #1 is the button
Seat 1: Seat1Name123 ($4.66 in chips)
Seat 2: Seat2Name123 ($3.58 in chips)
Seat 3: Seat3Name123 ($5.76 in chips)
Seat 4: Seat4Name123 ($1.74 in chips)
Seat 5: Hero ($3.12 in chips)
Seat 6: Seat6Name123 ($2.23 in chips)
Seat2Name123: posts small blind $0.01
Seat3Name123: posts big blind $0.02
*** HOLE CARDS ***
Dealt to Seat1Name123 
Dealt to Seat2Name123 
Dealt to Seat3Name123 
Dealt to Seat4Name123 
Dealt to Hero [9h Ts]
Dealt to Seat6Name123 
Seat4Name123: raises $0.02 to $0.04
Hero: folds
Seat6Name123: folds
Seat1Name123: folds
Seat2Name123: folds
Seat3Name123: folds
Uncalled bet ($0.02) returned to Seat4Name123
*** SHOWDOWN ***
Seat4Name123 collected $0.05 from pot
*** SUMMARY ***
Total pot $0.05 | Rake $0 | Jackpot $0 | Bingo $0 | Fortune $0 | Tax $0
Seat 1: Seat1Name123 (button) folded before Flop (didn't bet)
Seat 2: Seat2Name123 (small blind) folded before Flop
Seat 3: Seat3Name123 (big blind) folded before Flop
Seat 4: Seat4Name123 collected ($0.05)
Seat 5: Hero folded before Flop (didn't bet)
Seat 6: Seat6Name123 folded before Flop (didn't bet)


Poker Hand #HandID123: Hold'em No Limit ($0.01/$0.02) - 2025/01/01 00:00:00
Table 'TableName123' 6-max Seat #1 is the button
Seat 1: Seat1Name123 ($2.27 in chips)
Seat 2: Seat2Name123 ($3.62 in chips)
Seat 3: Seat3Name123 ($2.17 in chips)
Seat 4: Hero ($3.12 in chips)
Seat 5: Seat5Name123 ($1.8 in chips)
Seat 6: Seat6Name123 ($4.1 in chips)
Seat2Name123: posts small blind $0.01
Seat3Name123: posts big blind $0.02
*** HOLE CARDS ***
Dealt to Seat1Name123 
Dealt to Seat2Name123 
Dealt to Seat3Name123 
Dealt to Hero [9h Ks]
Dealt to Seat5Name123 
Dealt to Seat6Name123 
Hero: folds
Seat5Name123: folds
Seat6Name123: folds
Seat1Name123: folds
Seat2Name123: raises $0.04 to $0.06
Seat3Name123: folds
Uncalled bet ($0.04) returned to Seat2Name123
*** SHOWDOWN ***
Seat2Name123 collected $0.04 from pot
*** SUMMARY ***
Total pot $0.04 | Rake $0 | Jackpot $0 | Bingo $0 | Fortune $0 | Tax $0
Seat 1: Seat1Name123 (button) folded before Flop (didn't bet)
Seat 2: Seat2Name123 (small blind) collected ($0.04)
Seat 3: Seat3Name123 (big blind) folded before Flop
Seat 4: Hero folded before Flop (didn't bet)
Seat 5: Seat5Name123 folded before Flop (didn't bet)
Seat 6: Seat6Name123 folded before Flop (didn't bet)


Poker Hand #HandID123: Hold'em No Limit ($0.01/$0.02) - 2025/01/01 00:00:00
Table 'TableName123' 6-max Seat #1 is the button
Seat 1: Seat1Name123 ($5.4 in chips)
Seat 2: Seat2Name123 ($2.12 in chips)
Seat 3: Hero ($3.14 in chips)
Seat 4: Seat4Name123 ($6.68 in chips)
Seat 5: Seat5Name123 ($7.69 in chips)
Seat 6: Seat6Name123 ($0.79 in chips)
Seat2Name123: posts small blind $0.01
Hero: posts big blind $0.02
*** HOLE CARDS ***
Dealt to Seat1Name123 
Dealt to Seat2Name123 
Dealt to Hero [3s Ts]
Dealt to Seat4Name123 
Dealt to Seat5Name123 
Dealt to Seat6Name123 
Seat4Name123: folds
Seat5Name123: folds
Seat6Name123: folds
Seat1Name123: raises $0.03 to $0.05
Seat2Name123: raises $0.15 to $0.2
Hero: folds
Seat1Name123: calls $0.15
*** FLOP *** [6s 7s 2c]
Seat2Name123: checks
Seat1Name123: bets $0.14
Seat2Name123: raises $0.47 to $0.61
Seat1Name123: folds
Uncalled bet ($0.47) returned to Seat2Name123
*** SHOWDOWN ***
Seat2Name123 collected $0.64 from pot
*** SUMMARY ***
Total pot $0.7 | Rake $0.03 | Jackpot $0.03 | Bingo $0 | Fortune $0 | Tax $0
Board [6s 7s 2c]
Seat 1: Seat1Name123 (button) folded on the Flop
Seat 2: Seat2Name123 (small blind) won ($0.64)
Seat 3: Hero (big blind) folded before Flop
Seat 4: Seat4Name123 folded before Flop (didn't bet)
Seat 5: Seat5Name123 folded before Flop (didn't bet)
Seat 6: Seat6Name123 folded before Flop (didn't bet)


Poker Hand #HandID123: Hold'em No Limit ($0.01/$0.02) - 2025/01/01 00:00:00
Table 'TableName123' 6-max Seat #1 is the button
Seat 1: Hero ($3.06 in chips)
Seat 2: Seat2Name123 ($2.01 in chips)
Seat 3: Seat3Name123 ($2.08 in chips)
Seat 4: Seat4Name123 ($10.14 in chips)
Seat 5: Seat5Name123 ($0.96 in chips)
Seat 6: Seat6Name123 ($1.89 in chips)
Seat2Name123: posts small blind $0.01
Seat3Name123: posts big blind $0.02
*** HOLE CARDS ***
Dealt to Hero [Ah Kh]
Dealt to Seat2Name123 
Dealt to Seat3Name123 
Dealt to Seat4Name123 
Dealt to Seat5Name123 
Dealt to Seat6Name123 
Seat4Name123: folds
Seat5Name123: folds
Seat6Name123: raises $0.03 to $0.05
Hero: raises $0.11 to $0.16
Seat2Name123: folds
Seat3Name123: folds
Seat6Name123: folds
Uncalled bet ($0.11) returned to Hero
*** SHOWDOWN ***
Hero collected $0.13 from pot
*** SUMMARY ***
Total pot $0.13 | Rake $0 | Jackpot $0 | Bingo $0 | Fortune $0 | Tax $0
Seat 1: Hero (button) collected ($0.13)
Seat 2: Seat2Name123 (small blind) folded before Flop
Seat 3: Seat3Name123 (big blind) folded before Flop
Seat 4: Seat4Name123 folded before Flop (didn't bet)
Seat 5: Seat5Name123 folded before Flop (didn't bet)
Seat 6: Seat6Name123 folded before Flop


Poker Hand #HandID123: Hold'em No Limit ($0.01/$0.02) - 2025/01/01 00:00:00
Table 'TableName123' 6-max Seat #1 is the button
Seat 1: Seat1Name123 ($2.58 in chips)
Seat 2: Hero ($3.07 in chips)
Seat 3: Seat3Name123 ($2.01 in chips)
Seat 4: Seat4Name123 ($2.01 in chips)
Seat 5: Seat5Name123 ($1.63 in chips)
Seat 6: Seat6Name123 ($3.11 in chips)
Hero: posts small blind $0.01
Seat3Name123: posts big blind $0.02
*** HOLE CARDS ***
Dealt to Seat1Name123 
Dealt to Hero [9d 6c]
Dealt to Seat3Name123 
Dealt to Seat4Name123 
Dealt to Seat5Name123 
Dealt to Seat6Name123 
Seat4Name123: folds
Seat5Name123: folds
Seat6Name123: raises $0.02 to $0.04
Seat1Name123: folds
Hero: folds
Seat3Name123: calls $0.02
*** FLOP *** [9h Ac 8c]
Seat3Name123: checks
Seat6Name123: bets $0.03
Seat3Name123: folds
Uncalled bet ($0.03) returned to Seat6Name123
*** SHOWDOWN ***
Seat6Name123 collected $0.09 from pot
*** SUMMARY ***
Total pot $0.09 | Rake $0 | Jackpot $0 | Bingo $0 | Fortune $0 | Tax $0
Board [9h Ac 8c]
Seat 1: Seat1Name123 (button) folded before Flop (didn't bet)
Seat 2: Hero (small blind) folded before Flop
Seat 3: Seat3Name123 (big blind) folded on the Flop
Seat 4: Seat4Name123 folded before Flop (didn't bet)
Seat 5: Seat5Name123 folded before Flop (didn't bet)
Seat 6: Seat6Name123 won ($0.09)


Poker Hand #HandID123: Hold'em No Limit ($0.01/$0.02) - 2025/01/01 00:00:00
Table 'TableName123' 6-max Seat #1 is the button
Seat 1: Seat1Name123 ($2.19 in chips)
Seat 2: Seat2Name123 ($7.94 in chips)
Seat 3: Seat3Name123 ($4.27 in chips)
Seat 4: Seat4Name123 ($2.06 in chips)
Seat 5: Seat5Name123 ($2.21 in chips)
Seat 6: Hero ($3.07 in chips)
Seat2Name123: posts small blind $0.01
Seat3Name123: posts big blind $0.02
*** HOLE CARDS ***
Dealt to Seat1Name123 
Dealt to Seat2Name123 
Dealt to Seat3Name123 
Dealt to Seat4Name123 
Dealt to Seat5Name123 
Dealt to Hero [Jc 6h]
Seat4Name123: folds
Seat5Name123: folds
Hero: folds
Seat1Name123: raises $0.02 to $0.04
Seat2Name123: folds
Seat3Name123: folds
Uncalled bet ($0.02) returned to Seat1Name123
*** SHOWDOWN ***
Seat1Name123 collected $0.05 from pot
*** SUMMARY ***
Total pot $0.05 | Rake $0 | Jackpot $0 | Bingo $0 | Fortune $0 | Tax $0
Seat 1: Seat1Name123 (button) collected ($0.05)
Seat 2: Seat2Name123 (small blind) folded before Flop
Seat 3: Seat3Name123 (big blind) folded before Flop
Seat 4: Seat4Name123 folded before Flop (didn't bet)
Seat 5: Seat5Name123 folded before Flop (didn't bet)
Seat 6: Hero folded before Flop (didn't bet)


Poker Hand #HandID123: Hold'em No Limit ($0.01/$0.02) - 2025/01/01 00:00:00
Table 'TableName123' 6-max Seat #1 is the button
Seat 1: Seat1Name123 ($2 in chips)
Seat 2: Seat2Name123 ($7.44 in chips)
Seat 3: Seat3Name123 ($3.45 in chips)
Seat 4: Seat4Name123 ($2.03 in chips)
Seat 5: Hero ($3.04 in chips)
Seat 6: Seat6Name123 ($2.29 in chips)
Seat2Name123: posts small blind $0.01
Seat3Name123: posts big blind $0.02
*** HOLE CARDS ***
Dealt to Seat1Name123 
Dealt to Seat2Name123 
Dealt to Seat3Name123 
Dealt to Seat4Name123 
Dealt to Hero [2h 2d]
Dealt to Seat6Name123 
Seat4Name123: folds
Hero: raises $0.03 to $0.05
Seat6Name123: folds
Seat1Name123: folds
Seat2Name123: folds
Seat3Name123: folds
Uncalled bet ($0.03) returned to Hero
*** SHOWDOWN ***
Hero collected $0.05 from pot
*** SUMMARY ***
Total pot $0.05 | Rake $0 | Jackpot $0 | Bingo $0 | Fortune $0 | Tax $0
Seat 1: Seat1Name123 (button) folded before Flop (didn't bet)
Seat 2: Seat2Name123 (small blind) folded before Flop
Seat 3: Seat3Name123 (big blind) folded before Flop
Seat 4: Seat4Name123 folded before Flop (didn't bet)
Seat 5: Hero collected ($0.05)
Seat 6: Seat6Name123 folded before Flop (didn't bet)


Poker Hand #HandID123: Hold'em No Limit ($0.01/$0.02) - 2025/01/01 00:00:00
Table 'TableName123' 6-max Seat #1 is the button
Seat 1: Seat1Name123 ($2.06 in chips)
Seat 2: Hero ($3.02 in chips)
Seat 3: Seat3Name123 ($4.87 in chips)
Seat 4: Seat4Name123 ($4.78 in chips)
Seat 5: Seat5Name123 ($2 in chips)
Seat 6: Seat6Name123 ($2.77 in chips)
Hero: posts small blind $0.01
Seat3Name123: posts big blind $0.02
*** HOLE CARDS ***
Dealt to Seat1Name123 
Dealt to Hero [9h Qd]
Dealt to Seat3Name123 
Dealt to Seat4Name123 
Dealt to Seat5Name123 
Dealt to Seat6Name123 
Seat4Name123: folds
Seat5Name123: folds
Seat6Name123: folds
Seat1Name123: folds
Hero: raises $0.04 to $0.06
Seat3Name123: folds
Uncalled bet ($0.04) returned to Hero
*** SHOWDOWN ***
Hero collected $0.04 from pot
*** SUMMARY ***
Total pot $0.04 | Rake $0 | Jackpot $0 | Bingo $0 | Fortune $0 | Tax $0
Seat 1: Seat1Name123 (button) folded before Flop (didn't bet)
Seat 2: Hero (small blind) collected ($0.04)
Seat 3: Seat3Name123 (big blind) folded before Flop
Seat 4: Seat4Name123 folded before Flop (didn't bet)
Seat 5: Seat5Name123 folded before Flop (didn't bet)
Seat 6: Seat6Name123 folded before Flop (didn't bet)


Poker Hand #HandID123: Hold'em No Limit ($0.01/$0.02) - 2025/01/01 00:00:00
Table 'TableName123' 6-max Seat #1 is the button
Seat 1: Seat1Name123 ($2.02 in chips)
Seat 2: Seat2Name123 ($2.48 in chips)
Seat 3: Hero ($3.04 in chips)
Seat 4: Seat4Name123 ($2 in chips)
Seat 5: Seat5Name123 ($1.7 in chips)
Seat 6: Seat6Name123 ($2.19 in chips)
Seat2Name123: posts small blind $0.01
Hero: posts big blind $0.02
*** HOLE CARDS ***
Dealt to Seat1Name123 
Dealt to Seat2Name123 
Dealt to Hero [2c 6c]
Dealt to Seat4Name123 
Dealt to Seat5Name123 
Dealt to Seat6Name123 
Seat4Name123: folds
Seat5Name123: raises $0.04 to $0.06
Seat6Name123: folds
Seat1Name123: folds
Seat2Name123: folds
Hero: folds
Uncalled bet ($0.04) returned to Seat5Name123
*** SHOWDOWN ***
Seat5Name123 collected $0.05 from pot
*** SUMMARY ***
Total pot $0.05 | Rake $0 | Jackpot $0 | Bingo $0 | Fortune $0 | Tax $0
Seat 1: Seat1Name123 (button) folded before Flop (didn't bet)
Seat 2: Seat2Name123 (small blind) folded before Flop
Seat 3: Hero (big blind) folded before Flop
Seat 4: Seat4Name123 folded before Flop (didn't bet)
Seat 5: Seat5Name123 collected ($0.05)
Seat 6: Seat6Name123 folded before Flop (didn't bet)


Poker Hand #HandID123: Hold'em No Limit ($0.01/$0.02) - 2025/01/01 00:00:00
Table 'TableName123' 6-max Seat #1 is the button
Seat 1: Seat1Name123 ($1.13 in chips)
Seat 2: Seat2Name123 ($2.51 in chips)
Seat 3: Seat3Name123 ($3.2 in chips)
Seat 4: Seat4Name123 ($2.04 in chips)
Seat 5: Hero ($3.04 in chips)
Seat 6: Seat6Name123 ($8.83 in chips)
Seat2Name123: posts small blind $0.01
Seat3Name123: posts big blind $0.02
*** HOLE CARDS ***
Dealt to Seat1Name123 
Dealt to Seat2Name123 
Dealt to Seat3Name123 
Dealt to Seat4Name123 
Dealt to Hero [Qc 9d]
Dealt to Seat6Name123 
Seat4Name123: raises $0.03 to $0.05
Hero: folds
Seat6Name123: folds
Seat1Name123: calls $0.05
Seat2Name123: folds
Seat3Name123: calls $0.03
*** FLOP *** [3h 5c Ah]
Seat3Name123: checks
Seat4Name123: bets $0.09
Seat1Name123: calls $0.09
Seat3Name123: folds
*** TURN *** [3h 5c Ah] [Qh]
Seat4Name123: bets $0.17
Seat1Name123: folds
Uncalled bet ($0.17) returned to Seat4Name123
*** SHOWDOWN ***
Seat4Name123 collected $0.33 from pot
*** SUMMARY ***
Total pot $0.34 | Rake $0.01 | Jackpot $0 | Bingo $0 | Fortune $0 | Tax $0
Board [3h 5c Ah Qh]
Seat 1: Seat1Name123 (button) folded on the Turn
Seat 2: Seat2Name123 (small blind) folded before Flop
Seat 3: Seat3Name123 (big blind) folded on the Flop
Seat 4: Seat4Name123 won ($0.33)
Seat 5: Hero folded before Flop (didn't bet)
Seat 6: Seat6Name123 folded before Flop (didn't bet)


Poker Hand #HandID123: Hold'em No Limit ($0.01/$0.02) - 2025/01/01 00:00:00
Table 'TableName123' 6-max Seat #1 is the button
Seat 1: Hero ($3.04 in chips)
Seat 2: Seat2Name123 ($1.93 in chips)
Seat 3: Seat3Name123 ($2.72 in chips)
Seat 4: Seat4Name123 ($4.3 in chips)
Seat 5: Seat5Name123 ($2.53 in chips)
Seat 6: Seat6Name123 ($2.71 in chips)
Seat2Name123: posts small blind $0.01
Seat3Name123: posts big blind $0.02
*** HOLE CARDS ***
Dealt to Hero [5c 8h]
Dealt to Seat2Name123 
Dealt to Seat3Name123 
Dealt to Seat4Name123 
Dealt to Seat5Name123 
Dealt to Seat6Name123 
Seat4Name123: folds
Seat5Name123: folds
Seat6Name123: folds
Hero: folds
Seat2Name123: calls $0.01
Seat3Name123: checks
*** FLOP *** [3h Ks 8s]
Seat2Name123: checks
Seat3Name123: checks
*** TURN *** [3h Ks 8s] [7d]
Seat2Name123: bets $0.02
Seat3Name123: calls $0.02
*** RIVER *** [3h Ks 8s 7d] [6c]
Seat2Name123: checks
Seat3Name123: checks
Seat2Name123: shows [4s 4h] (Pair of Fours)
Seat3Name123: shows [6s As] (Pair of Sixes)
*** SHOWDOWN ***
Seat3Name123 collected $0.08 from pot
*** SUMMARY ***
Total pot $0.08 | Rake $0 | Jackpot $0 | Bingo $0 | Fortune $0 | Tax $0
Board [3h Ks 8s 7d 6c]
Seat 1: Hero (button) folded before Flop (didn't bet)
Seat 2: Seat2Name123 (small blind) showed [4s 4h] and lost with Pair of Fours
Seat 3: Seat3Name123 (big blind) showed [6s As] and won ($0.08) with Pair of Sixes
Seat 4: Seat4Name123 folded before Flop (didn't bet)
Seat 5: Seat5Name123 folded before Flop (didn't bet)
Seat 6: Seat6Name123 folded before Flop (didn't bet)


Poker Hand #HandID123: Hold'em No Limit ($0.01/$0.02) - 2025/01/01 00:00:00
Table 'TableName123' 6-max Seat #1 is the button
Seat 1: Seat1Name123 ($0.84 in chips)
Seat 2: Seat2Name123 ($2.01 in chips)
Seat 3: Seat3Name123 ($2.09 in chips)
Seat 4: Seat4Name123 ($2.02 in chips)
Seat 5: Hero ($3.04 in chips)
Seat 6: Seat6Name123 ($2.01 in chips)
Seat2Name123: posts small blind $0.01
Seat3Name123: posts big blind $0.02
*** HOLE CARDS ***
Dealt to Seat1Name123 
Dealt to Seat2Name123 
Dealt to Seat3Name123 
Dealt to Seat4Name123 
Dealt to Hero [5s Kc]
Dealt to Seat6Name123 
Seat4Name123: raises $0.04 to $0.06
Hero: folds
Seat6Name123: folds
Seat1Name123: folds
Seat2Name123: folds
Seat3Name123: folds
Uncalled bet ($0.04) returned to Seat4Name123
*** SHOWDOWN ***
Seat4Name123 collected $0.05 from pot
*** SUMMARY ***
Total pot $0.05 | Rake $0 | Jackpot $0 | Bingo $0 | Fortune $0 | Tax $0
Seat 1: Seat1Name123 (button) folded before Flop (didn't bet)
Seat 2: Seat2Name123 (small blind) folded before Flop
Seat 3: Seat3Name123 (big blind) folded before Flop
Seat 4: Seat4Name123 collected ($0.05)
Seat 5: Hero folded before Flop (didn't bet)
Seat 6: Seat6Name123 folded before Flop (didn't bet)


Poker Hand #HandID123: Hold'em No Limit ($0.01/$0.02) - 2025/01/01 00:00:00
Table 'TableName123' 6-max Seat #1 is the button
Seat 1: Seat1Name123 ($2 in chips)
Seat 2: Seat2Name123 ($2.57 in chips)
Seat 3: Seat3Name123 ($2.06 in chips)
Seat 4: Seat4Name123 ($1.97 in chips)
Seat 5: Hero ($3.01 in chips)
Seat 6: Seat6Name123 ($3.01 in chips)
Seat2Name123: posts small blind $0.01
Seat3Name123: posts big blind $0.02
*** HOLE CARDS ***
Dealt to Seat1Name123 
Dealt to Seat2Name123 
Dealt to Seat3Name123 
Dealt to Seat4Name123 
Dealt to Hero [5h 5s]
Dealt to Seat6Name123 
Seat4Name123: folds
Hero: raises $0.03 to $0.05
Seat6Name123: folds
Seat1Name123: folds
Seat2Name123: folds
Seat3Name123: folds
Uncalled bet ($0.03) returned to Hero
*** SHOWDOWN ***
Hero collected $0.05 from pot
*** SUMMARY ***
Total pot $0.05 | Rake $0 | Jackpot $0 | Bingo $0 | Fortune $0 | Tax $0
Seat 1: Seat1Name123 (button) folded before Flop (didn't bet)
Seat 2: Seat2Name123 (small blind) folded before Flop
Seat 3: Seat3Name123 (big blind) folded before Flop
Seat 4: Seat4Name123 folded before Flop (didn't bet)
Seat 5: Hero collected ($0.05)
Seat 6: Seat6Name123 folded before Flop (didn't bet)


Poker Hand #HandID123: Hold'em No Limit ($0.01/$0.02) - 2025/01/01 00:00:00
Table 'TableName123' 6-max Seat #1 is the button
Seat 1: Seat1Name123 ($2.01 in chips)
Seat 2: Hero ($2.99 in chips)
Seat 3: Seat3Name123 ($3.85 in chips)
Seat 4: Seat4Name123 ($3.62 in chips)
Seat 5: Seat5Name123 ($2.09 in chips)
Seat 6: Seat6Name123 ($3.89 in chips)
Hero: posts small blind $0.01
Seat3Name123: posts big blind $0.02
*** HOLE CARDS ***
Dealt to Seat1Name123 
Dealt to Hero [Ah Jh]
Dealt to Seat3Name123 
Dealt to Seat4Name123 
Dealt to Seat5Name123 
Dealt to Seat6Name123 
Seat4Name123: folds
Seat5Name123: folds
Seat6Name123: folds
Seat1Name123: folds
Hero: raises $0.04 to $0.06
Seat3Name123: folds
Uncalled bet ($0.04) returned to Hero
*** SHOWDOWN ***
Hero collected $0.04 from pot
*** SUMMARY ***
Total pot $0.04 | Rake $0 | Jackpot $0 | Bingo $0 | Fortune $0 | Tax $0
Seat 1: Seat1Name123 (button) folded before Flop (didn't bet)
Seat 2: Hero (small blind) collected ($0.04)
Seat 3: Seat3Name123 (big blind) folded before Flop
Seat 4: Seat4Name123 folded before Flop (didn't bet)
Seat 5: Seat5Name123 folded before Flop (didn't bet)
Seat 6: Seat6Name123 folded before Flop (didn't bet)


Poker Hand #HandID123: Hold'em No Limit ($0.01/$0.02) - 2025/01/01 00:00:00
Table 'TableName123' 6-max Seat #1 is the button
Seat 1: Seat1Name123 ($2.74 in chips)
Seat 2: Seat2Name123 ($1.98 in chips)
Seat 3: Seat3Name123 ($4.16 in chips)
Seat 4: Seat4Name123 ($2.55 in chips)
Seat 5: Hero ($2.99 in chips)
Seat 6: Seat6Name123 ($2.43 in chips)
Seat2Name123: posts small blind $0.01
Seat3Name123: posts big blind $0.02
*** HOLE CARDS ***
Dealt to Seat1Name123 
Dealt to Seat2Name123 
Dealt to Seat3Name123 
Dealt to Seat4Name123 
Dealt to Hero [Th 5s]
Dealt to Seat6Name123 
Seat4Name123: raises $0.03 to $0.05
Hero: folds
Seat6Name123: folds
Seat1Name123: folds
Seat2Name123: folds
Seat3Name123: folds
Uncalled bet ($0.03) returned to Seat4Name123
*** SHOWDOWN ***
Seat4Name123 collected $0.05 from pot
*** SUMMARY ***
Total pot $0.05 | Rake $0 | Jackpot $0 | Bingo $0 | Fortune $0 | Tax $0
Seat 1: Seat1Name123 (button) folded before Flop (didn't bet)
Seat 2: Seat2Name123 (small blind) folded before Flop
Seat 3: Seat3Name123 (big blind) folded before Flop
Seat 4: Seat4Name123 collected ($0.05)
Seat 5: Hero folded before Flop (didn't bet)
Seat 6: Seat6Name123 folded before Flop (didn't bet)


Poker Hand #HandID123: Hold'em No Limit ($0.01/$0.02) - 2025/01/01 00:00:00
Table 'TableName123' 6-max Seat #1 is the button
Seat 1: Seat1Name123 ($2.09 in chips)
Seat 2: Seat2Name123 ($2.36 in chips)
Seat 3: Hero ($3.04 in chips)
Seat 4: Seat4Name123 ($2.67 in chips)
Seat 5: Seat5Name123 ($6.34 in chips)
Seat 6: Seat6Name123 ($3.22 in chips)
Seat2Name123: posts small blind $0.01
Hero: posts big blind $0.02
*** HOLE CARDS ***
Dealt to Seat1Name123 
Dealt to Seat2Name123 
Dealt to Hero [Js Qs]
Dealt to Seat4Name123 
Dealt to Seat5Name123 
Dealt to Seat6Name123 
Seat4Name123: folds
Seat5Name123: folds
Seat6Name123: folds
Seat1Name123: raises $0.03 to $0.05
Seat2Name123: folds
Hero: calls $0.03
*** FLOP *** [7h Ks 2d]
Hero: checks
Seat1Name123: bets $0.18
Hero: folds
Uncalled bet ($0.18) returned to Seat1Name123
*** SHOWDOWN ***
Seat1Name123 collected $0.11 from pot
*** SUMMARY ***
Total pot $0.11 | Rake $0 | Jackpot $0 | Bingo $0 | Fortune $0 | Tax $0
Board [7h Ks 2d]
Seat 1: Seat1Name123 (button) won ($0.11)
Seat 2: Seat2Name123 (small blind) folded before Flop
Seat 3: Hero (big blind) folded on the Flop
Seat 4: Seat4Name123 folded before Flop (didn't bet)
Seat 5: Seat5Name123 folded before Flop (didn't bet)
Seat 6: Seat6Name123 folded before Flop (didn't bet)


Poker Hand #HandID123: Hold'em No Limit ($0.01/$0.02) - 2025/01/01 00:00:00
Table 'TableName123' 6-max Seat #1 is the button
Seat 1: Hero ($3.04 in chips)
Seat 2: Seat2Name123 ($2 in chips)
Seat 3: Seat3Name123 ($2.68 in chips)
Seat 4: Seat4Name123 ($2.13 in chips)
Seat 5: Seat5Name123 ($3.45 in chips)
Seat 6: Seat6Name123 ($2 in chips)
Seat2Name123: posts small blind $0.01
Seat3Name123: posts big blind $0.02
*** HOLE CARDS ***
Dealt to Hero [6d 2d]
Dealt to Seat2Name123 
Dealt to Seat3Name123 
Dealt to Seat4Name123 
Dealt to Seat5Name123 
Dealt to Seat6Name123 
Seat4Name123: raises $0.02 to $0.04
Seat5Name123: folds
Seat6Name123: folds
Hero: folds
Seat2Name123: folds
Seat3Name123: folds
Uncalled bet ($0.02) returned to Seat4Name123
*** SHOWDOWN ***
Seat4Name123 collected $0.05 from pot
*** SUMMARY ***
Total pot $0.05 | Rake $0 | Jackpot $0 | Bingo $0 | Fortune $0 | Tax $0
Seat 1: Hero (button) folded before Flop (didn't bet)
Seat 2: Seat2Name123 (small blind) folded before Flop
Seat 3: Seat3Name123 (big blind) folded before Flop
Seat 4: Seat4Name123 collected ($0.05)
Seat 5: Seat5Name123 folded before Flop (didn't bet)
Seat 6: Seat6Name123 folded before Flop (didn't bet)


Poker Hand #HandID123: Hold'em No Limit ($0.01/$0.02) - 2025/01/01 00:00:00
Table 'TableName123' 6-max Seat #1 is the button
Seat 1: Seat1Name123 ($7.89 in chips)
Seat 2: Seat2Name123 ($12.39 in chips)
Seat 3: Seat3Name123 ($2.2 in chips)
Seat 4: Hero ($3.04 in chips)
Seat 5: Seat5Name123 ($3.45 in chips)
Seat 6: Seat6Name123 ($2.67 in chips)
Seat2Name123: posts small blind $0.01
Seat3Name123: posts big blind $0.02
*** HOLE CARDS ***
Dealt to Seat1Name123 
Dealt to Seat2Name123 
Dealt to Seat3Name123 
Dealt to Hero [2c 3d]
Dealt to Seat5Name123 
Dealt to Seat6Name123 
Hero: folds
Seat5Name123: folds
Seat6Name123: folds
Seat1Name123: folds
Seat2Name123: raises $0.02 to $0.04
Seat3Name123: calls $0.02
*** FLOP *** [2d 6h As]
Seat2Name123: checks
Seat3Name123: checks
*** TURN *** [2d 6h As] [Td]
Seat2Name123: checks
Seat3Name123: checks
*** RIVER *** [2d 6h As Td] [5h]
Seat2Name123: checks
Seat3Name123: checks
Seat2Name123: shows [7d Kd] (Ace-High)
Seat3Name123: shows [Qc 5c] (Pair of Fives)
*** SHOWDOWN ***
Seat3Name123 collected $0.08 from pot
*** SUMMARY ***
Total pot $0.08 | Rake $0 | Jackpot $0 | Bingo $0 | Fortune $0 | Tax $0
Board [2d 6h As Td 5h]
Seat 1: Seat1Name123 (button) folded before Flop (didn't bet)
Seat 2: Seat2Name123 (small blind) showed [7d Kd] and lost with Ace-High
Seat 3: Seat3Name123 (big blind) showed [Qc 5c] and won ($0.08) with Pair of Fives
Seat 4: Hero folded before Flop (didn't bet)
Seat 5: Seat5Name123 folded before Flop (didn't bet)
Seat 6: Seat6Name123 folded before Flop (didn't bet)


Poker Hand #HandID123: Hold'em No Limit ($0.01/$0.02) - 2025/01/01 00:00:00
Table 'TableName123' 6-max Seat #1 is the button
Seat 1: Seat1Name123 ($7.41 in chips)
Seat 2: Seat2Name123 ($3.22 in chips)
Seat 3: Seat3Name123 ($2.38 in chips)
Seat 4: Hero ($3.04 in chips)
Seat 5: Seat5Name123 ($2.81 in chips)
Seat 6: Seat6Name123 ($2.2 in chips)
Seat2Name123: posts small blind $0.01
Seat3Name123: posts big blind $0.02
*** HOLE CARDS ***
Dealt to Seat1Name123 
Dealt to Seat2Name123 
Dealt to Seat3Name123 
Dealt to Hero [Js 8h]
Dealt to Seat5Name123 
Dealt to Seat6Name123 
Hero: folds
Seat5Name123: folds
Seat6Name123: folds
Seat1Name123: raises $0.03 to $0.05
Seat2Name123: folds
Seat3Name123: folds
Uncalled bet ($0.03) returned to Seat1Name123
*** SHOWDOWN ***
Seat1Name123 collected $0.05 from pot
*** SUMMARY ***
Total pot $0.05 | Rake $0 | Jackpot $0 | Bingo $0 | Fortune $0 | Tax $0
Seat 1: Seat1Name123 (button) collected ($0.05)
Seat 2: Seat2Name123 (small blind) folded before Flop
Seat 3: Seat3Name123 (big blind) folded before Flop
Seat 4: Hero folded before Flop (didn't bet)
Seat 5: Seat5Name123 folded before Flop (didn't bet)
Seat 6: Seat6Name123 folded before Flop (didn't bet)


Poker Hand #HandID123: Hold'em No Limit ($0.01/$0.02) - 2025/01/01 00:00:00
Table 'TableName123' 6-max Seat #1 is the button
Seat 1: Seat1Name123 ($3.26 in chips)
Seat 2: Hero ($2.98 in chips)
Seat 3: Seat3Name123 ($2 in chips)
Seat 4: Seat4Name123 ($0.71 in chips)
Seat 5: Seat5Name123 ($2.42 in chips)
Seat 6: Seat6Name123 ($2.68 in chips)
Hero: posts small blind $0.01
Seat3Name123: posts big blind $0.02
*** HOLE CARDS ***
Dealt to Seat1Name123 
Dealt to Hero [Qh Qc]
Dealt to Seat3Name123 
Dealt to Seat4Name123 
Dealt to Seat5Name123 
Dealt to Seat6Name123 
Seat4Name123: folds
Seat5Name123: raises $0.02 to $0.04
Seat6Name123: folds
Seat1Name123: folds
Hero: raises $0.12 to $0.16
Seat3Name123: folds
Seat5Name123: folds
Uncalled bet ($0.12) returned to Hero
*** SHOWDOWN ***
Hero collected $0.1 from pot
*** SUMMARY ***
Total pot $0.1 | Rake $0 | Jackpot $0 | Bingo $0 | Fortune $0 | Tax $0
Seat 1: Seat1Name123 (button) folded before Flop (didn't bet)
Seat 2: Hero (small blind) collected ($0.1)
Seat 3: Seat3Name123 (big blind) folded before Flop
Seat 4: Seat4Name123 folded before Flop (didn't bet)
Seat 5: Seat5Name123 folded before Flop
Seat 6: Seat6Name123 folded before Flop (didn't bet)


Poker Hand #HandID123: Hold'em No Limit ($0.01/$0.02) - 2025/01/01 00:00:00
Table 'TableName123' 6-max Seat #1 is the button
Seat 1: Hero ($2.98 in chips)
Seat 2: Seat2Name123 ($2.44 in chips)
Seat 3: Seat3Name123 ($4.78 in chips)
Seat 4: Seat4Name123 ($2.03 in chips)
Seat 5: Seat5Name123 ($2.06 in chips)
Seat 6: Seat6Name123 ($2.03 in chips)
Seat2Name123: posts small blind $0.01
Seat3Name123: posts big blind $0.02
*** HOLE CARDS ***
Dealt to Hero [6s Td]
Dealt to Seat2Name123 
Dealt to Seat3Name123 
Dealt to Seat4Name123 
Dealt to Seat5Name123 
Dealt to Seat6Name123 
Seat4Name123: raises $0.02 to $0.04
Seat5Name123: folds
Seat6Name123: folds
Hero: folds
Seat2Name123: calls $0.03
Seat3Name123: folds
*** FLOP *** [8h Kh 5h]
Seat2Name123: checks
Seat4Name123: bets $0.04
Seat2Name123: folds
Uncalled bet ($0.04) returned to Seat4Name123
*** SHOWDOWN ***
Seat4Name123 collected $0.1 from pot
*** SUMMARY ***
Total pot $0.1 | Rake $0 | Jackpot $0 | Bingo $0 | Fortune $0 | Tax $0
Board [8h Kh 5h]
Seat 1: Hero (button) folded before Flop (didn't bet)
Seat 2: Seat2Name123 (small blind) folded on the Flop
Seat 3: Seat3Name123 (big blind) folded before Flop
Seat 4: Seat4Name123 won ($0.1)
Seat 5: Seat5Name123 folded before Flop (didn't bet)
Seat 6: Seat6Name123 folded before Flop (didn't bet)


Poker Hand #HandID123: Hold'em No Limit ($0.01/$0.02) - 2025/01/01 00:00:00
Table 'TableName123' 6-max Seat #1 is the button
Seat 1: Seat1Name123 ($1.38 in chips)
Seat 2: Seat2Name123 ($4.18 in chips)
Seat 3: Hero ($3 in chips)
Seat 4: Seat4Name123 ($2.26 in chips)
Seat 5: Seat5Name123 ($2 in chips)
Seat 6: Seat6Name123 ($2 in chips)
Seat2Name123: posts small blind $0.01
Hero: posts big blind $0.02
*** HOLE CARDS ***
Dealt to Seat1Name123 
Dealt to Seat2Name123 
Dealt to Hero [7s 8d]
Dealt to Seat4Name123 
Dealt to Seat5Name123 
Dealt to Seat6Name123 
Seat4Name123: folds
Seat5Name123: folds
Seat6Name123: raises $0.03 to $0.05
Seat1Name123: folds
Seat2Name123: folds
Hero: folds
Uncalled bet ($0.03) returned to Seat6Name123
*** SHOWDOWN ***
Seat6Name123 collected $0.05 from pot
*** SUMMARY ***
Total pot $0.05 | Rake $0 | Jackpot $0 | Bingo $0 | Fortune $0 | Tax $0
Seat 1: Seat1Name123 (button) folded before Flop (didn't bet)
Seat 2: Seat2Name123 (small blind) folded before Flop
Seat 3: Hero (big blind) folded before Flop
Seat 4: Seat4Name123 folded before Flop (didn't bet)
Seat 5: Seat5Name123 folded before Flop (didn't bet)
Seat 6: Seat6Name123 collected ($0.05)


Poker Hand #HandID123: Hold'em No Limit ($0.01/$0.02) - 2025/01/01 00:00:00
Table 'TableName123' 6-max Seat #1 is the button
Seat 1: Seat1Name123 ($2.34 in chips)
Seat 2: Seat2Name123 ($4.09 in chips)
Seat 3: Seat3Name123 ($2.28 in chips)
Seat 4: Seat4Name123 ($2.61 in chips)
Seat 5: Seat5Name123 ($3.27 in chips)
Seat 6: Hero ($3 in chips)
Seat2Name123: posts small blind $0.01
Seat3Name123: posts big blind $0.02
*** HOLE CARDS ***
Dealt to Seat1Name123 
Dealt to Seat2Name123 
Dealt to Seat3Name123 
Dealt to Seat4Name123 
Dealt to Seat5Name123 
Dealt to Hero [6c 7d]
Seat4Name123: folds
Seat5Name123: raises $0.03 to $0.05
Hero: folds
Seat1Name123: folds
Seat2Name123: folds
Seat3Name123: folds
Uncalled bet ($0.03) returned to Seat5Name123
*** SHOWDOWN ***
Seat5Name123 collected $0.05 from pot
*** SUMMARY ***
Total pot $0.05 | Rake $0 | Jackpot $0 | Bingo $0 | Fortune $0 | Tax $0
Seat 1: Seat1Name123 (button) folded before Flop (didn't bet)
Seat 2: Seat2Name123 (small blind) folded before Flop
Seat 3: Seat3Name123 (big blind) folded before Flop
Seat 4: Seat4Name123 folded before Flop (didn't bet)
Seat 5: Seat5Name123 collected ($0.05)
Seat 6: Hero folded before Flop (didn't bet)


Poker Hand #HandID123: Hold'em No Limit ($0.01/$0.02) - 2025/01/01 00:00:00
Table 'TableName123' 6-max Seat #1 is the button
Seat 1: Seat1Name123 ($2.5 in chips)
Seat 2: Seat2Name123 ($2.26 in chips)
Seat 3: Seat3Name123 ($2.48 in chips)
Seat 4: Hero ($3 in chips)
Seat 5: Seat5Name123 ($2 in chips)
Seat 6: Seat6Name123 ($2.02 in chips)
Seat2Name123: posts small blind $0.01
Seat3Name123: posts big blind $0.02
*** HOLE CARDS ***
Dealt to Seat1Name123 
Dealt to Seat2Name123 
Dealt to Seat3Name123 
Dealt to Hero [7c 6s]
Dealt to Seat5Name123 
Dealt to Seat6Name123 
Hero: folds
Seat5Name123: folds
Seat6Name123: folds
Seat1Name123: raises $0.04 to $0.06
Seat2Name123: folds
Seat3Name123: folds
Uncalled bet ($0.04) returned to Seat1Name123
*** SHOWDOWN ***
Seat1Name123 collected $0.05 from pot
*** SUMMARY ***
Total pot $0.05 | Rake $0 | Jackpot $0 | Bingo $0 | Fortune $0 | Tax $0
Seat 1: Seat1Name123 (button) collected ($0.05)
Seat 2: Seat2Name123 (small blind) folded before Flop
Seat 3: Seat3Name123 (big blind) folded before Flop
Seat 4: Hero folded before Flop (didn't bet)
Seat 5: Seat5Name123 folded before Flop (didn't bet)
Seat 6: Seat6Name123 folded before Flop (didn't bet)


Poker Hand #HandID123: Hold'em No Limit ($0.01/$0.02) - 2025/01/01 00:00:00
Table 'TableName123' 6-max Seat #1 is the button
Seat 1: Hero ($3 in chips)
Seat 2: Seat2Name123 ($2 in chips)
Seat 3: Seat3Name123 ($2.28 in chips)
Seat 4: Seat4Name123 ($4.37 in chips)
Seat 5: Seat5Name123 ($2.59 in chips)
Seat 6: Seat6Name123 ($2.17 in chips)
Seat2Name123: posts small blind $0.01
Seat3Name123: posts big blind $0.02
*** HOLE CARDS ***
Dealt to Hero [4s Jc]
Dealt to Seat2Name123 
Dealt to Seat3Name123 
Dealt to Seat4Name123 
Dealt to Seat5Name123 
Dealt to Seat6Name123 
Seat4Name123: folds
Seat5Name123: raises $0.04 to $0.06
Seat6Name123: folds
Hero: folds
Seat2Name123: raises $0.16 to $0.22
Seat3Name123: folds
Seat5Name123: folds
Uncalled bet ($0.16) returned to Seat2Name123
*** SHOWDOWN ***
Seat2Name123 collected $0.14 from pot
*** SUMMARY ***
Total pot $0.14 | Rake $0 | Jackpot $0 | Bingo $0 | Fortune $0 | Tax $0
Seat 1: Hero (button) folded before Flop (didn't bet)
Seat 2: Seat2Name123 (small blind) collected ($0.14)
Seat 3: Seat3Name123 (big blind) folded before Flop
Seat 4: Seat4Name123 folded before Flop (didn't bet)
Seat 5: Seat5Name123 folded before Flop
Seat 6: Seat6Name123 folded before Flop (didn't bet)


Poker Hand #HandID123: Hold'em No Limit ($0.01/$0.02) - 2025/01/01 00:00:00
Table 'TableName123' 6-max Seat #1 is the button
Seat 1: Seat1Name123 ($2 in chips)
Seat 2: Hero ($3.01 in chips)
Seat 3: Seat3Name123 ($1.9 in chips)
Seat 4: Seat4Name123 ($2.17 in chips)
Seat 5: Seat5Name123 ($1.15 in chips)
Seat 6: Seat6Name123 ($2.03 in chips)
Hero: posts small blind $0.01
Seat3Name123: posts big blind $0.02
*** HOLE CARDS ***
Dealt to Seat1Name123 
Dealt to Hero [Tc 3h]
Dealt to Seat3Name123 
Dealt to Seat4Name123 
Dealt to Seat5Name123 
Dealt to Seat6Name123 
Seat4Name123: folds
Seat5Name123: folds
Seat6Name123: raises $0.04 to $0.06
Seat1Name123: folds
Hero: folds
Seat3Name123: folds
Uncalled bet ($0.04) returned to Seat6Name123
*** SHOWDOWN ***
Seat6Name123 collected $0.05 from pot
*** SUMMARY ***
Total pot $0.05 | Rake $0 | Jackpot $0 | Bingo $0 | Fortune $0 | Tax $0
Seat 1: Seat1Name123 (button) folded before Flop (didn't bet)
Seat 2: Hero (small blind) folded before Flop
Seat 3: Seat3Name123 (big blind) folded before Flop
Seat 4: Seat4Name123 folded before Flop (didn't bet)
Seat 5: Seat5Name123 folded before Flop (didn't bet)
Seat 6: Seat6Name123 collected ($0.05)


Poker Hand #HandID123: Hold'em No Limit ($0.01/$0.02) - 2025/01/01 00:00:00
Table 'TableName123' 6-max Seat #1 is the button
Seat 1: Seat1Name123 ($2.22 in chips)
Seat 2: Seat2Name123 ($2.01 in chips)
Seat 3: Hero ($2.95 in chips)
Seat 4: Seat4Name123 ($2.01 in chips)
Seat 5: Seat5Name123 ($4.32 in chips)
Seat 6: Seat6Name123 ($0.96 in chips)
Seat2Name123: posts small blind $0.01
Hero: posts big blind $0.02
*** HOLE CARDS ***
Dealt to Seat1Name123 
Dealt to Seat2Name123 
Dealt to Hero [Th Qd]
Dealt to Seat4Name123 
Dealt to Seat5Name123 
Dealt to Seat6Name123 
Seat4Name123: folds
Seat5Name123: folds
Seat6Name123: folds
Seat1Name123: folds
Seat2Name123: raises $0.04 to $0.06
Hero: calls $0.04
*** FLOP *** [Ah 8c Jd]
Seat2Name123: checks
Hero: checks
*** TURN *** [Ah 8c Jd] [9c]
Seat2Name123: checks
Hero: bets $0.06
Seat2Name123: folds
Uncalled bet ($0.06) returned to Hero
*** SHOWDOWN ***
Hero collected $0.12 from pot
*** SUMMARY ***
Total pot $0.12 | Rake $0 | Jackpot $0 | Bingo $0 | Fortune $0 | Tax $0
Board [Ah 8c Jd 9c]
Seat 1: Seat1Name123 (button) folded before Flop (didn't bet)
Seat 2: Seat2Name123 (small blind) folded on the Turn
Seat 3: Hero (big blind) won ($0.12)
Seat 4: Seat4Name123 folded before Flop (didn't bet)
Seat 5: Seat5Name123 folded before Flop (didn't bet)
Seat 6: Seat6Name123 folded before Flop (didn't bet)


Poker Hand #HandID123: Hold'em No Limit ($0.01/$0.02) - 2025/01/01 00:00:00
Table 'TableName123' 6-max Seat #1 is the button
Seat 1: Seat1Name123 ($1.75 in chips)
Seat 2: Seat2Name123 ($2.23 in chips)
Seat 3: Seat3Name123 ($4.95 in chips)
Seat 4: Seat4Name123 ($2.1 in chips)
Seat 5: Seat5Name123 ($0.96 in chips)
Seat 6: Hero ($2.95 in chips)
Seat2Name123: posts small blind $0.01
Seat3Name123: posts big blind $0.02
*** HOLE CARDS ***
Dealt to Seat1Name123 
Dealt to Seat2Name123 
Dealt to Seat3Name123 
Dealt to Seat4Name123 
Dealt to Seat5Name123 
Dealt to Hero [3h 9s]
Seat4Name123: folds
Seat5Name123: folds
Hero: folds
Seat1Name123: raises $0.03 to $0.05
Seat2Name123: folds
Seat3Name123: folds
Uncalled bet ($0.03) returned to Seat1Name123
*** SHOWDOWN ***
Seat1Name123 collected $0.05 from pot
*** SUMMARY ***
Total pot $0.05 | Rake $0 | Jackpot $0 | Bingo $0 | Fortune $0 | Tax $0
Seat 1: Seat1Name123 (button) collected ($0.05)
Seat 2: Seat2Name123 (small blind) folded before Flop
Seat 3: Seat3Name123 (big blind) folded before Flop
Seat 4: Seat4Name123 folded before Flop (didn't bet)
Seat 5: Seat5Name123 folded before Flop (didn't bet)
Seat 6: Hero folded before Flop (didn't bet)


Poker Hand #HandID123: Hold'em No Limit ($0.01/$0.02) - 2025/01/01 00:00:00
Table 'TableName123' 6-max Seat #1 is the button
Seat 1: Seat1Name123 ($7.77 in chips)
Seat 2: Seat2Name123 ($2.07 in chips)
Seat 3: Seat3Name123 ($2.05 in chips)
Seat 4: Hero ($2.95 in chips)
Seat 5: Seat5Name123 ($2.02 in chips)
Seat 6: Seat6Name123 ($2 in chips)
Seat2Name123: posts small blind $0.01
Seat3Name123: posts big blind $0.02
*** HOLE CARDS ***
Dealt to Seat1Name123 
Dealt to Seat2Name123 
Dealt to Seat3Name123 
Dealt to Hero [3s Jh]
Dealt to Seat5Name123 
Dealt to Seat6Name123 
Hero: folds
Seat5Name123: folds
Seat6Name123: raises $0.03 to $0.05
Seat1Name123: folds
Seat2Name123: folds
Seat3Name123: folds
Uncalled bet ($0.03) returned to Seat6Name123
*** SHOWDOWN ***
Seat6Name123 collected $0.05 from pot
*** SUMMARY ***
Total pot $0.05 | Rake $0 | Jackpot $0 | Bingo $0 | Fortune $0 | Tax $0
Seat 1: Seat1Name123 (button) folded before Flop (didn't bet)
Seat 2: Seat2Name123 (small blind) folded before Flop
Seat 3: Seat3Name123 (big blind) folded before Flop
Seat 4: Hero folded before Flop (didn't bet)
Seat 5: Seat5Name123 folded before Flop (didn't bet)
Seat 6: Seat6Name123 collected ($0.05)


Poker Hand #HandID123: Hold'em No Limit ($0.01/$0.02) - 2025/01/01 00:00:00
Table 'TableName123' 6-max Seat #1 is the button
Seat 1: Seat1Name123 ($2.05 in chips)
Seat 2: Seat2Name123 ($2.15 in chips)
Seat 3: Seat3Name123 ($3.66 in chips)
Seat 4: Hero ($2.95 in chips)
Seat 5: Seat5Name123 ($2.37 in chips)
Seat 6: Seat6Name123 ($3.6 in chips)
Seat2Name123: posts small blind $0.01
Seat3Name123: posts big blind $0.02
*** HOLE CARDS ***
Dealt to Seat1Name123 
Dealt to Seat2Name123 
Dealt to Seat3Name123 
Dealt to Hero [6c 2d]
Dealt to Seat5Name123 
Dealt to Seat6Name123 
Hero: folds
Seat5Name123: folds
Seat6Name123: raises $0.02 to $0.04
Seat1Name123: folds
Seat2Name123: folds
Seat3Name123: folds
Uncalled bet ($0.02) returned to Seat6Name123
*** SHOWDOWN ***
Seat6Name123 collected $0.05 from pot
*** SUMMARY ***
Total pot $0.05 | Rake $0 | Jackpot $0 | Bingo $0 | Fortune $0 | Tax $0
Seat 1: Seat1Name123 (button) folded before Flop (didn't bet)
Seat 2: Seat2Name123 (small blind) folded before Flop
Seat 3: Seat3Name123 (big blind) folded before Flop
Seat 4: Hero folded before Flop (didn't bet)
Seat 5: Seat5Name123 folded before Flop (didn't bet)
Seat 6: Seat6Name123 collected ($0.05)


Poker Hand #HandID123: Hold'em No Limit ($0.01/$0.02) - 2025/01/01 00:00:00
Table 'TableName123' 6-max Seat #1 is the button
Seat 1: Seat1Name123 ($1.99 in chips)
Seat 2: Seat2Name123 ($0.77 in chips)
Seat 3: Seat3Name123 ($2.51 in chips)
Seat 4: Seat4Name123 ($2.29 in chips)
Seat 5: Hero ($2.95 in chips)
Seat 6: Seat6Name123 ($2.4 in chips)
Seat2Name123: posts small blind $0.01
Seat3Name123: posts big blind $0.02
*** HOLE CARDS ***
Dealt to Seat1Name123 
Dealt to Seat2Name123 
Dealt to Seat3Name123 
Dealt to Seat4Name123 
Dealt to Hero [Th 2d]
Dealt to Seat6Name123 
Seat4Name123: folds
Hero: folds
Seat6Name123: raises $0.03 to $0.05
Seat1Name123: folds
Seat2Name123: raises $0.06 to $0.11
Seat3Name123: folds
Seat6Name123: calls $0.06
*** FLOP *** [2c 5c Kh]
Seat2Name123: bets $0.08
Seat6Name123: calls $0.08
*** TURN *** [2c 5c Kh] [7h]
Seat2Name123: bets $0.3
Seat6Name123: calls $0.3
*** RIVER *** [2c 5c Kh 7h] [Qd]
Seat2Name123: bets $0.28 and is all-in
Seat6Name123: calls $0.28
Seat2Name123: shows [8d 8c] (Pair of Eights)
Seat6Name123: shows [Jd Js] (Pair of Jacks)
*** SHOWDOWN ***
Seat6Name123 collected $1.47 from pot
*** SUMMARY ***
Total pot $1.56 | Rake $0.06 | Jackpot $0.03 | Bingo $0 | Fortune $0 | Tax $0
Board [2c 5c Kh 7h Qd]
Seat 1: Seat1Name123 (button) folded before Flop (didn't bet)
Seat 2: Seat2Name123 (small blind) showed [8d 8c] and lost with Pair of Eights
Seat 3: Seat3Name123 (big blind) folded before Flop
Seat 4: Seat4Name123 folded before Flop (didn't bet)
Seat 5: Hero folded before Flop (didn't bet)
Seat 6: Seat6Name123 showed [Jd Js] and won ($1.47) with Pair of Jacks


Poker Hand #HandID123: Hold'em No Limit ($0.01/$0.02) - 2025/01/01 00:00:00
Table 'TableName123' 6-max Seat #1 is the button
Seat 1: Seat1Name123 ($2.19 in chips)
Seat 2: Seat2Name123 ($2.42 in chips)
Seat 3: Seat3Name123 ($2.48 in chips)
Seat 4: Seat4Name123 ($2.23 in chips)
Seat 5: Hero ($2.95 in chips)
Seat 6: Seat6Name123 ($2.76 in chips)
Seat2Name123: posts small blind $0.01
Seat3Name123: posts big blind $0.02
*** HOLE CARDS ***
Dealt to Seat1Name123 
Dealt to Seat2Name123 
Dealt to Seat3Name123 
Dealt to Seat4Name123 
Dealt to Hero [Qs 8h]
Dealt to Seat6Name123 
Seat4Name123: folds
Hero: folds
Seat6Name123: folds
Seat1Name123: raises $0.02 to $0.04
Seat2Name123: folds
Seat3Name123: folds
Uncalled bet ($0.02) returned to Seat1Name123
*** SHOWDOWN ***
Seat1Name123 collected $0.05 from pot
*** SUMMARY ***
Total pot $0.05 | Rake $0 | Jackpot $0 | Bingo $0 | Fortune $0 | Tax $0
Seat 1: Seat1Name123 (button) collected ($0.05)
Seat 2: Seat2Name123 (small blind) folded before Flop
Seat 3: Seat3Name123 (big blind) folded before Flop
Seat 4: Seat4Name123 folded before Flop (didn't bet)
Seat 5: Hero folded before Flop (didn't bet)
Seat 6: Seat6Name123 folded before Flop (didn't bet)


Poker Hand #HandID123: Hold'em No Limit ($0.01/$0.02) - 2025/01/01 00:00:00
Table 'TableName123' 6-max Seat #1 is the button
Seat 1: Hero ($2.95 in chips)
Seat 2: Seat2Name123 ($2.89 in chips)
Seat 3: Seat3Name123 ($2.2 in chips)
Seat 4: Seat4Name123 ($3.35 in chips)
Seat 5: Seat5Name123 ($2 in chips)
Seat 6: Seat6Name123 ($1.61 in chips)
Seat2Name123: posts small blind $0.01
Seat3Name123: posts big blind $0.02
*** HOLE CARDS ***
Dealt to Hero [4s 8c]
Dealt to Seat2Name123 
Dealt to Seat3Name123 
Dealt to Seat4Name123 
Dealt to Seat5Name123 
Dealt to Seat6Name123 
Seat4Name123: folds
Seat5Name123: folds
Seat6Name123: calls $0.02
Hero: folds
Seat2Name123: raises $0.06 to $0.08
Seat3Name123: folds
Seat6Name123: calls $0.06
*** FLOP *** [7h 7s 3s]
Seat2Name123: bets $0.06
Seat6Name123: folds
Uncalled bet ($0.06) returned to Seat2Name123
*** SHOWDOWN ***
Seat2Name123 collected $0.17 from pot
*** SUMMARY ***
Total pot $0.18 | Rake $0.01 | Jackpot $0 | Bingo $0 | Fortune $0 | Tax $0
Board [7h 7s 3s]
Seat 1: Hero (button) folded before Flop (didn't bet)
Seat 2: Seat2Name123 (small blind) won ($0.17)
Seat 3: Seat3Name123 (big blind) folded before Flop
Seat 4: Seat4Name123 folded before Flop (didn't bet)
Seat 5: Seat5Name123 folded before Flop (didn't bet)
Seat 6: Seat6Name123 folded on the Flop


Poker Hand #HandID123: Hold'em No Limit ($0.01/$0.02) - 2025/01/01 00:00:00
Table 'TableName123' 6-max Seat #1 is the button
Seat 1: Seat1Name123 ($3.5 in chips)
Seat 2: Seat2Name123 ($2.01 in chips)
Seat 3: Hero ($3.08 in chips)
Seat 4: Seat4Name123 ($2.12 in chips)
Seat 5: Seat5Name123 ($4.38 in chips)
Seat 6: Seat6Name123 ($3.22 in chips)
Seat2Name123: posts small blind $0.01
Hero: posts big blind $0.02
*** HOLE CARDS ***
Dealt to Seat1Name123 
Dealt to Seat2Name123 
Dealt to Hero [Js As]
Dealt to Seat4Name123 
Dealt to Seat5Name123 
Dealt to Seat6Name123 
Seat4Name123: folds
Seat5Name123: folds
Seat6Name123: raises $0.02 to $0.04
Seat1Name123: folds
Seat2Name123: folds
Hero: raises $0.09 to $0.13
Seat6Name123: raises $3.09 to $3.22 and is all-in
Hero: folds
Uncalled bet ($3.09) returned to Seat6Name123
*** SHOWDOWN ***
Seat6Name123 collected $0.26 from pot
*** SUMMARY ***
Total pot $0.27 | Rake $0.01 | Jackpot $0 | Bingo $0 | Fortune $0 | Tax $0
Seat 1: Seat1Name123 (button) folded before Flop (didn't bet)
Seat 2: Seat2Name123 (small blind) folded before Flop
Seat 3: Hero (big blind) folded before Flop
Seat 4: Seat4Name123 folded before Flop (didn't bet)
Seat 5: Seat5Name123 folded before Flop (didn't bet)
Seat 6: Seat6Name123 collected ($0.26)


Poker Hand #HandID123: Hold'em No Limit ($0.01/$0.02) - 2025/01/01 00:00:00
Table 'TableName123' 6-max Seat #1 is the button
Seat 1: Seat1Name123 ($2 in chips)
Seat 2: Hero ($2.97 in chips)
Seat 3: Seat3Name123 ($3.62 in chips)
Seat 4: Seat4Name123 ($1.38 in chips)
Seat 5: Seat5Name123 ($1.72 in chips)
Seat 6: Seat6Name123 ($0.8 in chips)
Hero: posts small blind $0.01
Seat3Name123: posts big blind $0.02
*** HOLE CARDS ***
Dealt to Seat1Name123 
Dealt to Hero [As Ad]
Dealt to Seat3Name123 
Dealt to Seat4Name123 
Dealt to Seat5Name123 
Dealt to Seat6Name123 
Seat4Name123: folds
Seat5Name123: folds
Seat6Name123: folds
Seat1Name123: folds
Hero: raises $0.04 to $0.06
Seat3Name123: calls $0.04
*** FLOP *** [6s 7c 5c]
Hero: bets $0.06
Seat3Name123: calls $0.06
*** TURN *** [6s 7c 5c] [5h]
Hero: bets $0.16
Seat3Name123: folds
Uncalled bet ($0.16) returned to Hero
*** SHOWDOWN ***
Hero collected $0.23 from pot
*** SUMMARY ***
Total pot $0.24 | Rake $0.01 | Jackpot $0 | Bingo $0 | Fortune $0 | Tax $0
Board [6s 7c 5c 5h]
Seat 1: Seat1Name123 (button) folded before Flop (didn't bet)
Seat 2: Hero (small blind) won ($0.23)
Seat 3: Seat3Name123 (big blind) folded on the Turn
Seat 4: Seat4Name123 folded before Flop (didn't bet)
Seat 5: Seat5Name123 folded before Flop (didn't bet)
Seat 6: Seat6Name123 folded before Flop (didn't bet)


Poker Hand #HandID123: Hold'em No Limit ($0.01/$0.02) - 2025/01/01 00:00:00
Table 'TableName123' 6-max Seat #1 is the button
Seat 1: Seat1Name123 ($3.88 in chips)
Seat 2: Seat2Name123 ($0.81 in chips)
Seat 3: Seat3Name123 ($1.94 in chips)
Seat 4: Hero ($2.97 in chips)
Seat 5: Seat5Name123 ($2.16 in chips)
Seat 6: Seat6Name123 ($2.45 in chips)
Seat2Name123: posts small blind $0.01
Seat3Name123: posts big blind $0.02
*** HOLE CARDS ***
Dealt to Seat1Name123 
Dealt to Seat2Name123 
Dealt to Seat3Name123 
Dealt to Hero [Qh 4d]
Dealt to Seat5Name123 
Dealt to Seat6Name123 
Hero: folds
Seat5Name123: raises $0.02 to $0.04
Seat6Name123: folds
Seat1Name123: folds
Seat2Name123: folds
Seat3Name123: calls $0.02
*** FLOP *** [8d Qs 6s]
Seat3Name123: checks
Seat5Name123: checks
*** TURN *** [8d Qs 6s] [Js]
Seat3Name123: checks
Seat5Name123: checks
*** RIVER *** [8d Qs 6s Js] [Ah]
Seat3Name123: checks
Seat5Name123: checks
Seat3Name123: shows [4c 3s] (Ace-High)
Seat5Name123: shows [Ad Kd] (Pair of Aces)
*** SHOWDOWN ***
Seat5Name123 collected $0.09 from pot
*** SUMMARY ***
Total pot $0.09 | Rake $0 | Jackpot $0 | Bingo $0 | Fortune $0 | Tax $0
Board [8d Qs 6s Js Ah]
Seat 1: Seat1Name123 (button) folded before Flop (didn't bet)
Seat 2: Seat2Name123 (small blind) folded before Flop
Seat 3: Seat3Name123 (big blind) showed [4c 3s] and lost with Ace-High
Seat 4: Hero folded before Flop (didn't bet)
Seat 5: Seat5Name123 showed [Ad Kd] and won ($0.09) with Pair of Aces
Seat 6: Seat6Name123 folded before Flop (didn't bet)


Poker Hand #HandID123: Hold'em No Limit ($0.01/$0.02) - 2025/01/01 00:00:00
Table 'TableName123' 6-max Seat #1 is the button
Seat 1: Hero ($2.94 in chips)
Seat 2: Seat2Name123 ($2.49 in chips)
Seat 3: Seat3Name123 ($2.19 in chips)
Seat 4: Seat4Name123 ($1.72 in chips)
Seat 5: Seat5Name123 ($2.92 in chips)
Seat 6: Seat6Name123 ($2.84 in chips)
Seat2Name123: posts small blind $0.01
Seat3Name123: posts big blind $0.02
*** HOLE CARDS ***
Dealt to Hero [Ad Jc]
Dealt to Seat2Name123 
Dealt to Seat3Name123 
Dealt to Seat4Name123 
Dealt to Seat5Name123 
Dealt to Seat6Name123 
Seat4Name123: folds
Seat5Name123: folds
Seat6Name123: folds
Hero: raises $0.03 to $0.05
Seat2Name123: folds
Seat3Name123: folds
Uncalled bet ($0.03) returned to Hero
*** SHOWDOWN ***
Hero collected $0.05 from pot
*** SUMMARY ***
Total pot $0.05 | Rake $0 | Jackpot $0 | Bingo $0 | Fortune $0 | Tax $0
Seat 1: Hero (button) collected ($0.05)
Seat 2: Seat2Name123 (small blind) folded before Flop
Seat 3: Seat3Name123 (big blind) folded before Flop
Seat 4: Seat4Name123 folded before Flop (didn't bet)
Seat 5: Seat5Name123 folded before Flop (didn't bet)
Seat 6: Seat6Name123 folded before Flop (didn't bet)


Poker Hand #HandID123: Hold'em No Limit ($0.01/$0.02) - 2025/01/01 00:00:00
Table 'TableName123' 6-max Seat #1 is the button
Seat 1: Seat1Name123 ($2.29 in chips)
Seat 2: Hero ($2.79 in chips)
Seat 3: Seat3Name123 ($2.37 in chips)
Seat 4: Seat4Name123 ($3.09 in chips)
Seat 5: Seat5Name123 ($1.83 in chips)
Seat 6: Seat6Name123 ($3.99 in chips)
Hero: posts small blind $0.01
Seat3Name123: posts big blind $0.02
*** HOLE CARDS ***
Dealt to Seat1Name123 
Dealt to Hero [Ks Kh]
Dealt to Seat3Name123 
Dealt to Seat4Name123 
Dealt to Seat5Name123 
Dealt to Seat6Name123 
Seat4Name123: folds
Seat5Name123: folds
Seat6Name123: raises $0.02 to $0.04
Seat1Name123: raises $0.06 to $0.1
Hero: raises $0.2 to $0.3
Seat3Name123: folds
Seat6Name123: folds
Seat1Name123: folds
Uncalled bet ($0.2) returned to Hero
*** SHOWDOWN ***
Hero collected $0.25 from pot
*** SUMMARY ***
Total pot $0.26 | Rake $0.01 | Jackpot $0 | Bingo $0 | Fortune $0 | Tax $0
Seat 1: Seat1Name123 (button) folded before Flop
Seat 2: Hero (small blind) collected ($0.25)
Seat 3: Seat3Name123 (big blind) folded before Flop
Seat 4: Seat4Name123 folded before Flop (didn't bet)
Seat 5: Seat5Name123 folded before Flop (didn't bet)
Seat 6: Seat6Name123 folded before Flop


Poker Hand #HandID123: Hold'em No Limit ($0.01/$0.02) - 2025/01/01 00:00:00
Table 'TableName123' 6-max Seat #1 is the button
Seat 1: Seat1Name123 ($1.1 in chips)
Seat 2: Seat2Name123 ($2.29 in chips)
Seat 3: Seat3Name123 ($2.04 in chips)
Seat 4: Seat4Name123 ($4.35 in chips)
Seat 5: Seat5Name123 ($4.51 in chips)
Seat 6: Hero ($2.79 in chips)
Seat2Name123: posts small blind $0.01
Seat3Name123: posts big blind $0.02
*** HOLE CARDS ***
Dealt to Seat1Name123 
Dealt to Seat2Name123 
Dealt to Seat3Name123 
Dealt to Seat4Name123 
Dealt to Seat5Name123 
Dealt to Hero [3d Js]
Seat4Name123: folds
Seat5Name123: folds
Hero: folds
Seat1Name123: folds
Seat2Name123: folds
Uncalled bet ($0.01) returned to Seat3Name123
*** SHOWDOWN ***
Seat3Name123 collected $0.02 from pot
*** SUMMARY ***
Total pot $0.02 | Rake $0 | Jackpot $0 | Bingo $0 | Fortune $0 | Tax $0
Seat 1: Seat1Name123 (button) folded before Flop (didn't bet)
Seat 2: Seat2Name123 (small blind) folded before Flop
Seat 3: Seat3Name123 (big blind) collected ($0.02)
Seat 4: Seat4Name123 folded before Flop (didn't bet)
Seat 5: Seat5Name123 folded before Flop (didn't bet)
Seat 6: Hero folded before Flop (didn't bet)


Poker Hand #HandID123: Hold'em No Limit ($0.01/$0.02) - 2025/01/01 00:00:00
Table 'TableName123' 6-max Seat #1 is the button
Seat 1: Seat1Name123 ($2 in chips)
Seat 2: Seat2Name123 ($2.42 in chips)
Seat 3: Hero ($2.81 in chips)
Seat 4: Seat4Name123 ($2.37 in chips)
Seat 5: Seat5Name123 ($2 in chips)
Seat 6: Seat6Name123 ($6.63 in chips)
Seat2Name123: posts small blind $0.01
Hero: posts big blind $0.02
*** HOLE CARDS ***
Dealt to Seat1Name123 
Dealt to Seat2Name123 
Dealt to Hero [2h Kh]
Dealt to Seat4Name123 
Dealt to Seat5Name123 
Dealt to Seat6Name123 
Seat4Name123: folds
Seat5Name123: raises $0.03 to $0.05
Seat6Name123: folds
Seat1Name123: folds
Seat2Name123: calls $0.04
Hero: folds
*** FLOP *** [7d Th 4s]
Seat2Name123: checks
Seat5Name123: bets $0.04
Seat2Name123: calls $0.04
*** TURN *** [7d Th 4s] [7s]
Seat2Name123: checks
Seat5Name123: checks
*** RIVER *** [7d Th 4s 7s] [Ad]
Seat2Name123: bets $0.15
Seat5Name123: folds
Uncalled bet ($0.15) returned to Seat2Name123
*** SHOWDOWN ***
Seat2Name123 collected $0.19 from pot
*** SUMMARY ***
Total pot $0.2 | Rake $0.01 | Jackpot $0 | Bingo $0 | Fortune $0 | Tax $0
Board [7d Th 4s 7s Ad]
Seat 1: Seat1Name123 (button) folded before Flop (didn't bet)
Seat 2: Seat2Name123 (small blind) won ($0.19)
Seat 3: Hero (big blind) folded before Flop
Seat 4: Seat4Name123 folded before Flop (didn't bet)
Seat 5: Seat5Name123 folded on the River
Seat 6: Seat6Name123 folded before Flop (didn't bet)


Poker Hand #HandID123: Hold'em No Limit ($0.01/$0.02) - 2025/01/01 00:00:00
Table 'TableName123' 6-max Seat #1 is the button
Seat 1: Seat1Name123 ($4.92 in chips)
Seat 2: Seat2Name123 ($2.25 in chips)
Seat 3: Seat3Name123 ($2.48 in chips)
Seat 4: Seat4Name123 ($3.17 in chips)
Seat 5: Seat5Name123 ($2.24 in chips)
Seat 6: Hero ($2.81 in chips)
Seat2Name123: posts small blind $0.01
Seat3Name123: posts big blind $0.02
*** HOLE CARDS ***
Dealt to Seat1Name123 
Dealt to Seat2Name123 
Dealt to Seat3Name123 
Dealt to Seat4Name123 
Dealt to Seat5Name123 
Dealt to Hero [5c Jh]
Seat4Name123: folds
Seat5Name123: folds
Hero: folds
Seat1Name123: folds
Seat2Name123: folds
Uncalled bet ($0.01) returned to Seat3Name123
*** SHOWDOWN ***
Seat3Name123 collected $0.02 from pot
*** SUMMARY ***
Total pot $0.02 | Rake $0 | Jackpot $0 | Bingo $0 | Fortune $0 | Tax $0
Seat 1: Seat1Name123 (button) folded before Flop (didn't bet)
Seat 2: Seat2Name123 (small blind) folded before Flop
Seat 3: Seat3Name123 (big blind) collected ($0.02)
Seat 4: Seat4Name123 folded before Flop (didn't bet)
Seat 5: Seat5Name123 folded before Flop (didn't bet)
Seat 6: Hero folded before Flop (didn't bet)


Poker Hand #HandID123: Hold'em No Limit ($0.01/$0.02) - 2025/01/01 00:00:00
Table 'TableName123' 6-max Seat #1 is the button
Seat 1: Seat1Name123 ($3.19 in chips)
Seat 2: Seat2Name123 ($8.19 in chips)
Seat 3: Seat3Name123 ($3.9 in chips)
Seat 4: Seat4Name123 ($2.23 in chips)
Seat 5: Hero ($2.81 in chips)
Seat 6: Seat6Name123 ($3.45 in chips)
Seat2Name123: posts small blind $0.01
Seat3Name123: posts big blind $0.02
*** HOLE CARDS ***
Dealt to Seat1Name123 
Dealt to Seat2Name123 
Dealt to Seat3Name123 
Dealt to Seat4Name123 
Dealt to Hero [4c 8h]
Dealt to Seat6Name123 
Seat4Name123: folds
Hero: folds
Seat6Name123: raises $0.03 to $0.05
Seat1Name123: folds
Seat2Name123: folds
Seat3Name123: folds
Uncalled bet ($0.03) returned to Seat6Name123
*** SHOWDOWN ***
Seat6Name123 collected $0.05 from pot
*** SUMMARY ***
Total pot $0.05 | Rake $0 | Jackpot $0 | Bingo $0 | Fortune $0 | Tax $0
Seat 1: Seat1Name123 (button) folded before Flop (didn't bet)
Seat 2: Seat2Name123 (small blind) folded before Flop
Seat 3: Seat3Name123 (big blind) folded before Flop
Seat 4: Seat4Name123 folded before Flop (didn't bet)
Seat 5: Hero folded before Flop (didn't bet)
Seat 6: Seat6Name123 collected ($0.05)


Poker Hand #HandID123: Hold'em No Limit ($0.01/$0.02) - 2025/01/01 00:00:00
Table 'TableName123' 6-max Seat #1 is the button
Seat 1: Seat1Name123 ($2.98 in chips)
Seat 2: Seat2Name123 ($3.34 in chips)
Seat 3: Seat3Name123 ($7.25 in chips)
Seat 4: Seat4Name123 ($2 in chips)
Seat 5: Seat5Name123 ($3.36 in chips)
Seat 6: Hero ($2.81 in chips)
Seat2Name123: posts small blind $0.01
Seat3Name123: posts big blind $0.02
*** HOLE CARDS ***
Dealt to Seat1Name123 
Dealt to Seat2Name123 
Dealt to Seat3Name123 
Dealt to Seat4Name123 
Dealt to Seat5Name123 
Dealt to Hero [Tc 7h]
Seat4Name123: folds
Seat5Name123: folds
Hero: folds
Seat1Name123: folds
Seat2Name123: raises $0.04 to $0.06
Seat3Name123: folds
Uncalled bet ($0.04) returned to Seat2Name123
*** SHOWDOWN ***
Seat2Name123 collected $0.04 from pot
*** SUMMARY ***
Total pot $0.04 | Rake $0 | Jackpot $0 | Bingo $0 | Fortune $0 | Tax $0
Seat 1: Seat1Name123 (button) folded before Flop (didn't bet)
Seat 2: Seat2Name123 (small blind) collected ($0.04)
Seat 3: Seat3Name123 (big blind) folded before Flop
Seat 4: Seat4Name123 folded before Flop (didn't bet)
Seat 5: Seat5Name123 folded before Flop (didn't bet)
Seat 6: Hero folded before Flop (didn't bet)


Poker Hand #HandID123: Hold'em No Limit ($0.01/$0.02) - 2025/01/01 00:00:00
Table 'TableName123' 6-max Seat #1 is the button
Seat 1: Hero ($2.78 in chips)
Seat 2: Seat2Name123 ($4.14 in chips)
Seat 3: Seat3Name123 ($2.19 in chips)
Seat 4: Seat4Name123 ($2 in chips)
Seat 5: Seat5Name123 ($5.56 in chips)
Seat 6: Seat6Name123 ($2.52 in chips)
Seat2Name123: posts small blind $0.01
Seat3Name123: posts big blind $0.02
*** HOLE CARDS ***
Dealt to Hero [8s Ks]
Dealt to Seat2Name123 
Dealt to Seat3Name123 
Dealt to Seat4Name123 
Dealt to Seat5Name123 
Dealt to Seat6Name123 
Seat4Name123: folds
Seat5Name123: folds
Seat6Name123: folds
Hero: raises $0.03 to $0.05
Seat2Name123: folds
Seat3Name123: folds
Uncalled bet ($0.03) returned to Hero
*** SHOWDOWN ***
Hero collected $0.05 from pot
*** SUMMARY ***
Total pot $0.05 | Rake $0 | Jackpot $0 | Bingo $0 | Fortune $0 | Tax $0
Seat 1: Hero (button) collected ($0.05)
Seat 2: Seat2Name123 (small blind) folded before Flop
Seat 3: Seat3Name123 (big blind) folded before Flop
Seat 4: Seat4Name123 folded before Flop (didn't bet)
Seat 5: Seat5Name123 folded before Flop (didn't bet)
Seat 6: Seat6Name123 folded before Flop (didn't bet)


Poker Hand #HandID123: Hold'em No Limit ($0.01/$0.02) - 2025/01/01 00:00:00
Table 'TableName123' 6-max Seat #1 is the button
Seat 1: Seat1Name123 ($2.95 in chips)
Seat 2: Hero ($3.6 in chips)
Seat 3: Seat3Name123 ($4 in chips)
Seat 4: Seat4Name123 ($3.39 in chips)
Seat 5: Seat5Name123 ($2.36 in chips)
Seat 6: Seat6Name123 ($2.99 in chips)
Hero: posts small blind $0.01
Seat3Name123: posts big blind $0.02
*** HOLE CARDS ***
Dealt to Seat1Name123 
Dealt to Hero [Kc Jc]
Dealt to Seat3Name123 
Dealt to Seat4Name123 
Dealt to Seat5Name123 
Dealt to Seat6Name123 
Seat4Name123: raises $0.03 to $0.05
Seat5Name123: folds
Seat6Name123: folds
Seat1Name123: folds
Hero: raises $0.17 to $0.22
Seat3Name123: folds
Seat4Name123: calls $0.17
*** FLOP *** [Kh 9h Th]
Hero: checks
Seat4Name123: bets $0.16
Hero: calls $0.16
*** TURN *** [Kh 9h Th] [2d]
Hero: checks
Seat4Name123: checks
*** RIVER *** [Kh 9h Th 2d] [7d]
Hero: bets $0.44
Seat4Name123: calls $0.44
Hero: shows [Kc Jc] (Pair of Kings)
Seat4Name123: shows [9d 9c] (Three Nines)
*** SHOWDOWN ***
Seat4Name123 collected $1.57 from pot
*** SUMMARY ***
Total pot $1.66 | Rake $0.06 | Jackpot $0.03 | Bingo $0 | Fortune $0 | Tax $0
Board [Kh 9h Th 2d 7d]
Seat 1: Seat1Name123 (button) folded before Flop (didn't bet)
Seat 2: Hero (small blind) showed [Kc Jc] and lost with Pair of Kings
Seat 3: Seat3Name123 (big blind) folded before Flop
Seat 4: Seat4Name123 showed [9d 9c] and won ($1.57) with Three Nines
Seat 5: Seat5Name123 folded before Flop (didn't bet)
Seat 6: Seat6Name123 folded before Flop (didn't bet)


Poker Hand #HandID123: Hold'em No Limit ($0.01/$0.02) - 2025/01/01 00:00:00
Table 'TableName123' 6-max Seat #1 is the button
Seat 1: Seat1Name123 ($6.62 in chips)
Seat 2: Seat2Name123 ($12.92 in chips)
Seat 3: Hero ($3.62 in chips)
Seat 4: Seat4Name123 ($3.9 in chips)
Seat 5: Seat5Name123 ($2 in chips)
Seat 6: Seat6Name123 ($11.45 in chips)
Seat2Name123: posts small blind $0.01
Hero: posts big blind $0.02
*** HOLE CARDS ***
Dealt to Seat1Name123 
Dealt to Seat2Name123 
Dealt to Hero [7s 2h]
Dealt to Seat4Name123 
Dealt to Seat5Name123 
Dealt to Seat6Name123 
Seat4Name123: raises $0.02 to $0.04
Seat5Name123: folds
Seat6Name123: folds
Seat1Name123: folds
Seat2Name123: calls $0.03
Hero: folds
*** FLOP *** [Js 4s Qh]
Seat2Name123: checks
Seat4Name123: bets $0.06
Seat2Name123: calls $0.06
*** TURN *** [Js 4s Qh] [Qc]
Seat2Name123: checks
Seat4Name123: checks
*** RIVER *** [Js 4s Qh Qc] [2d]
Seat2Name123: checks
Seat4Name123: checks
Seat2Name123: shows [8d 9d] (Pair of Queens)
Seat4Name123: shows [Th Kd] (Pair of Queens)
*** SHOWDOWN ***
Seat4Name123 collected $0.21 from pot
*** SUMMARY ***
Total pot $0.22 | Rake $0.01 | Jackpot $0 | Bingo $0 | Fortune $0 | Tax $0
Board [Js 4s Qh Qc 2d]
Seat 1: Seat1Name123 (button) folded before Flop (didn't bet)
Seat 2: Seat2Name123 (small blind) showed [8d 9d] and lost with Pair of Queens
Seat 3: Hero (big blind) folded before Flop
Seat 4: Seat4Name123 showed [Th Kd] and won ($0.21) with Pair of Queens
Seat 5: Seat5Name123 folded before Flop (didn't bet)
Seat 6: Seat6Name123 folded before Flop (didn't bet)


Poker Hand #HandID123: Hold'em No Limit ($0.01/$0.02) - 2025/01/01 00:00:00
Table 'TableName123' 6-max Seat #1 is the button
Seat 1: Seat1Name123 ($2.42 in chips)
Seat 2: Seat2Name123 ($2 in chips)
Seat 3: Seat3Name123 ($2.52 in chips)
Seat 4: Hero ($3.67 in chips)
Seat 5: Seat5Name123 ($2 in chips)
Seat 6: Seat6Name123 ($2.17 in chips)
Seat2Name123: posts small blind $0.01
Seat3Name123: posts big blind $0.02
*** HOLE CARDS ***
Dealt to Seat1Name123 
Dealt to Seat2Name123 
Dealt to Seat3Name123 
Dealt to Hero [4c 4h]
Dealt to Seat5Name123 
Dealt to Seat6Name123 
Hero: raises $0.03 to $0.05
Seat5Name123: folds
Seat6Name123: folds
Seat1Name123: folds
Seat2Name123: folds
Seat3Name123: raises $0.17 to $0.22
Hero: folds
Uncalled bet ($0.17) returned to Seat3Name123
*** SHOWDOWN ***
Seat3Name123 collected $0.11 from pot
*** SUMMARY ***
Total pot $0.11 | Rake $0 | Jackpot $0 | Bingo $0 | Fortune $0 | Tax $0
Seat 1: Seat1Name123 (button) folded before Flop (didn't bet)
Seat 2: Seat2Name123 (small blind) folded before Flop
Seat 3: Seat3Name123 (big blind) collected ($0.11)
Seat 4: Hero folded before Flop
Seat 5: Seat5Name123 folded before Flop (didn't bet)
Seat 6: Seat6Name123 folded before Flop (didn't bet)


Poker Hand #HandID123: Hold'em No Limit ($0.01/$0.02) - 2025/01/01 00:00:00
Table 'TableName123' 6-max Seat #1 is the button
Seat 1: Seat1Name123 ($2.01 in chips)
Seat 2: Seat2Name123 ($2.53 in chips)
Seat 3: Seat3Name123 ($2.42 in chips)
Seat 4: Seat4Name123 ($2 in chips)
Seat 5: Seat5Name123 ($4.13 in chips)
Seat 6: Hero ($3.67 in chips)
Seat2Name123: posts small blind $0.01
Seat3Name123: posts big blind $0.02
*** HOLE CARDS ***
Dealt to Seat1Name123 
Dealt to Seat2Name123 
Dealt to Seat3Name123 
Dealt to Seat4Name123 
Dealt to Seat5Name123 
Dealt to Hero [4h Jd]
Seat4Name123: folds
Seat5Name123: folds
Hero: folds
Seat1Name123: raises $0.03 to $0.05
Seat2Name123: folds
Seat3Name123: folds
Uncalled bet ($0.03) returned to Seat1Name123
*** SHOWDOWN ***
Seat1Name123 collected $0.05 from pot
*** SUMMARY ***
Total pot $0.05 | Rake $0 | Jackpot $0 | Bingo $0 | Fortune $0 | Tax $0
Seat 1: Seat1Name123 (button) collected ($0.05)
Seat 2: Seat2Name123 (small blind) folded before Flop
Seat 3: Seat3Name123 (big blind) folded before Flop
Seat 4: Seat4Name123 folded before Flop (didn't bet)
Seat 5: Seat5Name123 folded before Flop (didn't bet)
Seat 6: Hero folded before Flop (didn't bet)


Poker Hand #HandID123: Hold'em No Limit ($0.01/$0.02) - 2025/01/01 00:00:00
Table 'TableName123' 6-max Seat #1 is the button
Seat 1: Seat1Name123 ($0.93 in chips)
Seat 2: Seat2Name123 ($2.02 in chips)
Seat 3: Seat3Name123 ($10.91 in chips)
Seat 4: Seat4Name123 ($3.4 in chips)
Seat 5: Hero ($3.67 in chips)
Seat 6: Seat6Name123 ($2.08 in chips)
Seat2Name123: posts small blind $0.01
Seat3Name123: posts big blind $0.02
*** HOLE CARDS ***
Dealt to Seat1Name123 
Dealt to Seat2Name123 
Dealt to Seat3Name123 
Dealt to Seat4Name123 
Dealt to Hero [2d 3c]
Dealt to Seat6Name123 
Seat4Name123: raises $0.03 to $0.05
Hero: folds
Seat6Name123: folds
Seat1Name123: folds
Seat2Name123: folds
Seat3Name123: folds
Uncalled bet ($0.03) returned to Seat4Name123
*** SHOWDOWN ***
Seat4Name123 collected $0.05 from pot
*** SUMMARY ***
Total pot $0.05 | Rake $0 | Jackpot $0 | Bingo $0 | Fortune $0 | Tax $0
Seat 1: Seat1Name123 (button) folded before Flop (didn't bet)
Seat 2: Seat2Name123 (small blind) folded before Flop
Seat 3: Seat3Name123 (big blind) folded before Flop
Seat 4: Seat4Name123 collected ($0.05)
Seat 5: Hero folded before Flop (didn't bet)
Seat 6: Seat6Name123 folded before Flop (didn't bet)


Poker Hand #HandID123: Hold'em No Limit ($0.01/$0.02) - 2025/01/01 00:00:00
Table 'TableName123' 6-max Seat #1 is the button
Seat 1: Seat1Name123 ($2.11 in chips)
Seat 2: Seat2Name123 ($2.01 in chips)
Seat 3: Seat3Name123 ($4.23 in chips)
Seat 4: Seat4Name123 ($2 in chips)
Seat 5: Hero ($3.67 in chips)
Seat 6: Seat6Name123 ($2.24 in chips)
Seat2Name123: posts small blind $0.01
Seat3Name123: posts big blind $0.02
*** HOLE CARDS ***
Dealt to Seat1Name123 
Dealt to Seat2Name123 
Dealt to Seat3Name123 
Dealt to Seat4Name123 
Dealt to Hero [9c Td]
Dealt to Seat6Name123 
Seat4Name123: folds
Hero: folds
Seat6Name123: folds
Seat1Name123: folds
Seat2Name123: folds
Uncalled bet ($0.01) returned to Seat3Name123
*** SHOWDOWN ***
Seat3Name123 collected $0.02 from pot
*** SUMMARY ***
Total pot $0.02 | Rake $0 | Jackpot $0 | Bingo $0 | Fortune $0 | Tax $0
Seat 1: Seat1Name123 (button) folded before Flop (didn't bet)
Seat 2: Seat2Name123 (small blind) folded before Flop
Seat 3: Seat3Name123 (big blind) collected ($0.02)
Seat 4: Seat4Name123 folded before Flop (didn't bet)
Seat 5: Hero folded before Flop (didn't bet)
Seat 6: Seat6Name123 folded before Flop (didn't bet)


Poker Hand #HandID123: Hold'em No Limit ($0.01/$0.02) - 2025/01/01 00:00:00
Table 'TableName123' 6-max Seat #1 is the button
Seat 1: Hero ($2.96 in chips)
Seat 2: Seat2Name123 ($2.06 in chips)
Seat 3: Seat3Name123 ($1.21 in chips)
Seat 4: Seat4Name123 ($2.03 in chips)
Seat 5: Seat5Name123 ($2 in chips)
Seat 6: Seat6Name123 ($3.38 in chips)
Seat2Name123: posts small blind $0.01
Seat3Name123: posts big blind $0.02
*** HOLE CARDS ***
Dealt to Hero [As Js]
Dealt to Seat2Name123 
Dealt to Seat3Name123 
Dealt to Seat4Name123 
Dealt to Seat5Name123 
Dealt to Seat6Name123 
Seat4Name123: folds
Seat5Name123: raises $0.03 to $0.05
Seat6Name123: raises $0.11 to $0.16
Hero: calls $0.16
Seat2Name123: folds
Seat3Name123: folds
Seat5Name123: folds
*** FLOP *** [3c 3s Ah]
Seat6Name123: bets $0.14
Hero: calls $0.14
*** TURN *** [3c 3s Ah] [2s]
Seat6Name123: bets $0.45
Hero: calls $0.45
*** RIVER *** [3c 3s Ah 2s] [2c]
Seat6Name123: checks
Hero: checks
Seat6Name123: shows [Th Qh] (Pair of Treys and Pair of Twos)
Hero: shows [As Js] (Pair of Aces and Pair of Treys)
*** SHOWDOWN ***
Hero collected $1.46 from pot
*** SUMMARY ***
Total pot $1.58 | Rake $0.09 | Jackpot $0.03 | Bingo $0 | Fortune $0 | Tax $0
Board [3c 3s Ah 2s 2c]
Seat 1: Hero (button) showed [As Js] and won ($1.46) with Pair of Aces and Pair of Treys
Seat 2: Seat2Name123 (small blind) folded before Flop
Seat 3: Seat3Name123 (big blind) folded before Flop
Seat 4: Seat4Name123 folded before Flop (didn't bet)
Seat 5: Seat5Name123 folded before Flop
Seat 6: Seat6Name123 showed [Th Qh] and lost with Pair of Treys and Pair of Twos


Poker Hand #HandID123: Hold'em No Limit ($0.01/$0.02) - 2025/01/01 00:00:00
Table 'TableName123' 6-max Seat #1 is the button
Seat 1: Seat1Name123 ($2.1 in chips)
Seat 2: Seat2Name123 ($0.58 in chips)
Seat 3: Hero ($2.95 in chips)
Seat 4: Seat4Name123 ($0.38 in chips)
Seat 5: Seat5Name123 ($1.09 in chips)
Seat 6: Seat6Name123 ($3.06 in chips)
Seat2Name123: posts small blind $0.01
Hero: posts big blind $0.02
*** HOLE CARDS ***
Dealt to Seat1Name123 
Dealt to Seat2Name123 
Dealt to Hero [Kd 5d]
Dealt to Seat4Name123 
Dealt to Seat5Name123 
Dealt to Seat6Name123 
Seat4Name123: folds
Seat5Name123: folds
Seat6Name123: folds
Seat1Name123: folds
Seat2Name123: folds
Uncalled bet ($0.01) returned to Hero
*** SHOWDOWN ***
Hero collected $0.02 from pot
*** SUMMARY ***
Total pot $0.02 | Rake $0 | Jackpot $0 | Bingo $0 | Fortune $0 | Tax $0
Seat 1: Seat1Name123 (button) folded before Flop (didn't bet)
Seat 2: Seat2Name123 (small blind) folded before Flop
Seat 3: Hero (big blind) collected ($0.02)
Seat 4: Seat4Name123 folded before Flop (didn't bet)
Seat 5: Seat5Name123 folded before Flop (didn't bet)
Seat 6: Seat6Name123 folded before Flop (didn't bet)


Poker Hand #HandID123: Hold'em No Limit ($0.01/$0.02) - 2025/01/01 00:00:00
Table 'TableName123' 6-max Seat #1 is the button
Seat 1: Seat1Name123 ($5.75 in chips)
Seat 2: Hero ($2.96 in chips)
Seat 3: Seat3Name123 ($2.92 in chips)
Seat 4: Seat4Name123 ($1.84 in chips)
Seat 5: Seat5Name123 ($2.04 in chips)
Seat 6: Seat6Name123 ($2.01 in chips)
Hero: posts small blind $0.01
Seat3Name123: posts big blind $0.02
*** HOLE CARDS ***
Dealt to Seat1Name123 
Dealt to Hero [Th 7d]
Dealt to Seat3Name123 
Dealt to Seat4Name123 
Dealt to Seat5Name123 
Dealt to Seat6Name123 
Seat4Name123: folds
Seat5Name123: folds
Seat6Name123: folds
Seat1Name123: folds
Hero: folds
Uncalled bet ($0.01) returned to Seat3Name123
*** SHOWDOWN ***
Seat3Name123 collected $0.02 from pot
*** SUMMARY ***
Total pot $0.02 | Rake $0 | Jackpot $0 | Bingo $0 | Fortune $0 | Tax $0
Seat 1: Seat1Name123 (button) folded before Flop (didn't bet)
Seat 2: Hero (small blind) folded before Flop
Seat 3: Seat3Name123 (big blind) collected ($0.02)
Seat 4: Seat4Name123 folded before Flop (didn't bet)
Seat 5: Seat5Name123 folded before Flop (didn't bet)
Seat 6: Seat6Name123 folded before Flop (didn't bet)


Poker Hand #HandID123: Hold'em No Limit ($0.01/$0.02) - 2025/01/01 00:00:00
Table 'TableName123' 6-max Seat #1 is the button
Seat 1: Seat1Name123 ($4 in chips)
Seat 2: Seat2Name123 ($2 in chips)
Seat 3: Seat3Name123 ($3.79 in chips)
Seat 4: Seat4Name123 ($2.01 in chips)
Seat 5: Hero ($2.96 in chips)
Seat 6: Seat6Name123 ($2.78 in chips)
Seat2Name123: posts small blind $0.01
Seat3Name123: posts big blind $0.02
*** HOLE CARDS ***
Dealt to Seat1Name123 
Dealt to Seat2Name123 
Dealt to Seat3Name123 
Dealt to Seat4Name123 
Dealt to Hero [7c 4d]
Dealt to Seat6Name123 
Seat4Name123: folds
Hero: folds
Seat6Name123: folds
Seat1Name123: folds
Seat2Name123: raises $0.03 to $0.05
Seat3Name123: calls $0.03
*** FLOP *** [Qc 5s 8d]
Seat2Name123: checks
Seat3Name123: bets $0.03
Seat2Name123: calls $0.03
*** TURN *** [Qc 5s 8d] [Qd]
Seat2Name123: checks
Seat3Name123: checks
*** RIVER *** [Qc 5s 8d Qd] [7s]
Seat2Name123: checks
Seat3Name123: checks
Seat2Name123: shows [Kc Jh] (Pair of Queens)
Seat3Name123: shows [9h 8c] (Pair of Queens and Pair of Eights)
*** SHOWDOWN ***
Seat3Name123 collected $0.16 from pot
*** SUMMARY ***
Total pot $0.16 | Rake $0 | Jackpot $0 | Bingo $0 | Fortune $0 | Tax $0
Board [Qc 5s 8d Qd 7s]
Seat 1: Seat1Name123 (button) folded before Flop (didn't bet)
Seat 2: Seat2Name123 (small blind) showed [Kc Jh] and lost with Pair of Queens
Seat 3: Seat3Name123 (big blind) showed [9h 8c] and won ($0.16) with Pair of Queens and Pair of Eights
Seat 4: Seat4Name123 folded before Flop (didn't bet)
Seat 5: Hero folded before Flop (didn't bet)
Seat 6: Seat6Name123 folded before Flop (didn't bet)


Poker Hand #HandID123: Hold'em No Limit ($0.01/$0.02) - 2025/01/01 00:00:00
Table 'TableName123' 6-max Seat #1 is the button
Seat 1: Seat1Name123 ($2.92 in chips)
Seat 2: Seat2Name123 ($3.27 in chips)
Seat 3: Seat3Name123 ($2.42 in chips)
Seat 4: Hero ($2.96 in chips)
Seat 5: Seat5Name123 ($10.94 in chips)
Seat 6: Seat6Name123 ($2 in chips)
Seat2Name123: posts small blind $0.01
Seat3Name123: posts big blind $0.02
*** HOLE CARDS ***
Dealt to Seat1Name123 
Dealt to Seat2Name123 
Dealt to Seat3Name123 
Dealt to Hero [8h Ts]
Dealt to Seat5Name123 
Dealt to Seat6Name123 
Hero: folds
Seat5Name123: folds
Seat6Name123: folds
Seat1Name123: folds
Seat2Name123: raises $0.04 to $0.06
Seat3Name123: calls $0.04
*** FLOP *** [6d Kh Qh]
Seat2Name123: bets $0.08
Seat3Name123: calls $0.08
*** TURN *** [6d Kh Qh] [4c]
Seat2Name123: bets $0.19
Seat3Name123: raises $0.33 to $0.52
Seat2Name123: calls $0.33
*** RIVER *** [6d Kh Qh 4c] [Ac]
Seat2Name123: checks
Seat3Name123: bets $1.76 and is all-in
Seat2Name123: folds
Uncalled bet ($1.76) returned to Seat3Name123
*** SHOWDOWN ***
Seat3Name123 collected $1.23 from pot
*** SUMMARY ***
Total pot $1.32 | Rake $0.06 | Jackpot $0.03 | Bingo $0 | Fortune $0 | Tax $0
Board [6d Kh Qh 4c Ac]
Seat 1: Seat1Name123 (button) folded before Flop (didn't bet)
Seat 2: Seat2Name123 (small blind) folded on the River
Seat 3: Seat3Name123 (big blind) won ($1.23)
Seat 4: Hero folded before Flop (didn't bet)
Seat 5: Seat5Name123 folded before Flop (didn't bet)
Seat 6: Seat6Name123 folded before Flop (didn't bet)


Poker Hand #HandID123: Hold'em No Limit ($0.01/$0.02) - 2025/01/01 00:00:00
Table 'TableName123' 6-max Seat #1 is the button
Seat 1: Hero ($2.96 in chips)
Seat 2: Seat2Name123 ($2.73 in chips)
Seat 3: Seat3Name123 ($3.29 in chips)
Seat 4: Seat4Name123 ($2.95 in chips)
Seat 5: Seat5Name123 ($2.34 in chips)
Seat 6: Seat6Name123 ($7.07 in chips)
Seat2Name123: posts small blind $0.01
Seat3Name123: posts big blind $0.02
*** HOLE CARDS ***
Dealt to Hero [4c 8d]
Dealt to Seat2Name123 
Dealt to Seat3Name123 
Dealt to Seat4Name123 
Dealt to Seat5Name123 
Dealt to Seat6Name123 
Seat4Name123: raises $0.03 to $0.05
Seat5Name123: folds
Seat6Name123: folds
Hero: folds
Seat2Name123: folds
Seat3Name123: folds
Uncalled bet ($0.03) returned to Seat4Name123
*** SHOWDOWN ***
Seat4Name123 collected $0.05 from pot
*** SUMMARY ***
Total pot $0.05 | Rake $0 | Jackpot $0 | Bingo $0 | Fortune $0 | Tax $0
Seat 1: Hero (button) folded before Flop (didn't bet)
Seat 2: Seat2Name123 (small blind) folded before Flop
Seat 3: Seat3Name123 (big blind) folded before Flop
Seat 4: Seat4Name123 collected ($0.05)
Seat 5: Seat5Name123 folded before Flop (didn't bet)
Seat 6: Seat6Name123 folded before Flop (didn't bet)


Poker Hand #HandID123: Hold'em No Limit ($0.01/$0.02) - 2025/01/01 00:00:00
Table 'TableName123' 6-max Seat #1 is the button
Seat 1: Seat1Name123 ($4.21 in chips)
Seat 2: Hero ($2.84 in chips)
Seat 3: Seat3Name123 ($3.08 in chips)
Seat 4: Seat4Name123 ($2.15 in chips)
Seat 5: Seat5Name123 ($2.28 in chips)
Seat 6: Seat6Name123 ($0.8 in chips)
Hero: posts small blind $0.01
Seat3Name123: posts big blind $0.02
*** HOLE CARDS ***
Dealt to Seat1Name123 
Dealt to Hero [5c 9c]
Dealt to Seat3Name123 
Dealt to Seat4Name123 
Dealt to Seat5Name123 
Dealt to Seat6Name123 
Seat4Name123: folds
Seat5Name123: folds
Seat6Name123: folds
Seat1Name123: folds
Hero: raises $0.04 to $0.06
Seat3Name123: calls $0.04
*** FLOP *** [7s 4s 9d]
Hero: bets $0.07
Seat3Name123: calls $0.07
*** TURN *** [7s 4s 9d] [Qs]
Hero: checks
Seat3Name123: checks
*** RIVER *** [7s 4s 9d Qs] [Ah]
Hero: bets $0.16
Seat3Name123: folds
Uncalled bet ($0.16) returned to Hero
*** SHOWDOWN ***
Hero collected $0.25 from pot
*** SUMMARY ***
Total pot $0.26 | Rake $0.01 | Jackpot $0 | Bingo $0 | Fortune $0 | Tax $0
Board [7s 4s 9d Qs Ah]
Seat 1: Seat1Name123 (button) folded before Flop (didn't bet)
Seat 2: Hero (small blind) won ($0.25)
Seat 3: Seat3Name123 (big blind) folded on the River
Seat 4: Seat4Name123 folded before Flop (didn't bet)
Seat 5: Seat5Name123 folded before Flop (didn't bet)
Seat 6: Seat6Name123 folded before Flop (didn't bet)


Poker Hand #HandID123: Hold'em No Limit ($0.01/$0.02) - 2025/01/01 00:00:00
Table 'TableName123' 6-max Seat #1 is the button
Seat 1: Seat1Name123 ($1.59 in chips)
Seat 2: Seat2Name123 ($7.14 in chips)
Seat 3: Hero ($2.73 in chips)
Seat 4: Seat4Name123 ($2.18 in chips)
Seat 5: Seat5Name123 ($0.91 in chips)
Seat 6: Seat6Name123 ($2.29 in chips)
Seat2Name123: posts small blind $0.01
Hero: posts big blind $0.02
*** HOLE CARDS ***
Dealt to Seat1Name123 
Dealt to Seat2Name123 
Dealt to Hero [As Js]
Dealt to Seat4Name123 
Dealt to Seat5Name123 
Dealt to Seat6Name123 
Seat4Name123: folds
Seat5Name123: raises $0.03 to $0.05
Seat6Name123: folds
Seat1Name123: folds
Seat2Name123: folds
Hero: calls $0.03
*** FLOP *** [5c 7c Kh]
Hero: checks
Seat5Name123: checks
*** TURN *** [5c 7c Kh] [6c]
Hero: checks
Seat5Name123: bets $0.06
Hero: calls $0.06
*** RIVER *** [5c 7c Kh 6c] [6d]
Hero: checks
Seat5Name123: checks
Hero: shows [As Js] (Pair of Sixes)
Seat5Name123: shows [4d Ad] (Pair of Sixes)
*** SHOWDOWN ***
Hero collected $0.22 from pot
*** SUMMARY ***
Total pot $0.23 | Rake $0.01 | Jackpot $0 | Bingo $0 | Fortune $0 | Tax $0
Board [5c 7c Kh 6c 6d]
Seat 1: Seat1Name123 (button) folded before Flop (didn't bet)
Seat 2: Seat2Name123 (small blind) folded before Flop
Seat 3: Hero (big blind) showed [As Js] and won ($0.22) with Pair of Sixes
Seat 4: Seat4Name123 folded before Flop (didn't bet)
Seat 5: Seat5Name123 showed [4d Ad] and lost with Pair of Sixes
Seat 6: Seat6Name123 folded before Flop (didn't bet)


Poker Hand #HandID123: Hold'em No Limit ($0.01/$0.02) - 2025/01/01 00:00:00
Table 'TableName123' 6-max Seat #1 is the button
Seat 1: Seat1Name123 ($2.05 in chips)
Seat 2: Seat2Name123 ($0.62 in chips)
Seat 3: Seat3Name123 ($2.12 in chips)
Seat 4: Seat4Name123 ($2.22 in chips)
Seat 5: Hero ($2.73 in chips)
Seat 6: Seat6Name123 ($2.29 in chips)
Seat2Name123: posts small blind $0.01
Seat3Name123: posts big blind $0.02
*** HOLE CARDS ***
Dealt to Seat1Name123 
Dealt to Seat2Name123 
Dealt to Seat3Name123 
Dealt to Seat4Name123 
Dealt to Hero [3s Kd]
Dealt to Seat6Name123 
Seat4Name123: folds
Hero: folds
Seat6Name123: folds
Seat1Name123: folds
Seat2Name123: raises $0.14 to $0.16
Seat3Name123: folds
Uncalled bet ($0.14) returned to Seat2Name123
*** SHOWDOWN ***
Seat2Name123 collected $0.04 from pot
*** SUMMARY ***
Total pot $0.04 | Rake $0 | Jackpot $0 | Bingo $0 | Fortune $0 | Tax $0
Seat 1: Seat1Name123 (button) folded before Flop (didn't bet)
Seat 2: Seat2Name123 (small blind) collected ($0.04)
Seat 3: Seat3Name123 (big blind) folded before Flop
Seat 4: Seat4Name123 folded before Flop (didn't bet)
Seat 5: Hero folded before Flop (didn't bet)
Seat 6: Seat6Name123 folded before Flop (didn't bet)


Poker Hand #HandID123: Hold'em No Limit ($0.01/$0.02) - 2025/01/01 00:00:00
Table 'TableName123' 6-max Seat #1 is the button
Seat 1: Seat1Name123 ($2.25 in chips)
Seat 2: Seat2Name123 ($2.13 in chips)
Seat 3: Seat3Name123 ($1.97 in chips)
Seat 4: Hero ($2.73 in chips)
Seat 5: Seat5Name123 ($6.58 in chips)
Seat 6: Seat6Name123 ($2.05 in chips)
Seat2Name123: posts small blind $0.01
Seat3Name123: posts big blind $0.02
*** HOLE CARDS ***
Dealt to Seat1Name123 
Dealt to Seat2Name123 
Dealt to Seat3Name123 
Dealt to Hero [5d 2h]
Dealt to Seat5Name123 
Dealt to Seat6Name123 
Hero: folds
Seat5Name123: folds
Seat6Name123: folds
Seat1Name123: folds
Seat2Name123: raises $0.04 to $0.06
Seat3Name123: folds
Uncalled bet ($0.04) returned to Seat2Name123
*** SHOWDOWN ***
Seat2Name123 collected $0.04 from pot
*** SUMMARY ***
Total pot $0.04 | Rake $0 | Jackpot $0 | Bingo $0 | Fortune $0 | Tax $0
Seat 1: Seat1Name123 (button) folded before Flop (didn't bet)
Seat 2: Seat2Name123 (small blind) collected ($0.04)
Seat 3: Seat3Name123 (big blind) folded before Flop
Seat 4: Hero folded before Flop (didn't bet)
Seat 5: Seat5Name123 folded before Flop (didn't bet)
Seat 6: Seat6Name123 folded before Flop (didn't bet)


Poker Hand #HandID123: Hold'em No Limit ($0.01/$0.02) - 2025/01/01 00:00:00
Table 'TableName123' 6-max Seat #1 is the button
Seat 1: Seat1Name123 ($2.26 in chips)
Seat 2: Seat2Name123 ($3.99 in chips)
Seat 3: Seat3Name123 ($4 in chips)
Seat 4: Seat4Name123 ($2.03 in chips)
Seat 5: Seat5Name123 ($2.02 in chips)
Seat 6: Hero ($2.73 in chips)
Seat2Name123: posts small blind $0.01
Seat3Name123: posts big blind $0.02
*** HOLE CARDS ***
Dealt to Seat1Name123 
Dealt to Seat2Name123 
Dealt to Seat3Name123 
Dealt to Seat4Name123 
Dealt to Seat5Name123 
Dealt to Hero [Ts 8d]
Seat4Name123: folds
Seat5Name123: folds
Hero: folds
Seat1Name123: folds
Seat2Name123: raises $0.03 to $0.05
Seat3Name123: folds
Uncalled bet ($0.03) returned to Seat2Name123
*** SHOWDOWN ***
Seat2Name123 collected $0.04 from pot
*** SUMMARY ***
Total pot $0.04 | Rake $0 | Jackpot $0 | Bingo $0 | Fortune $0 | Tax $0
Seat 1: Seat1Name123 (button) folded before Flop (didn't bet)
Seat 2: Seat2Name123 (small blind) collected ($0.04)
Seat 3: Seat3Name123 (big blind) folded before Flop
Seat 4: Seat4Name123 folded before Flop (didn't bet)
Seat 5: Seat5Name123 folded before Flop (didn't bet)
Seat 6: Hero folded before Flop (didn't bet)


Poker Hand #HandID123: Hold'em No Limit ($0.01/$0.02) - 2025/01/01 00:00:00
Table 'TableName123' 6-max Seat #1 is the button
Seat 1: Hero ($2.73 in chips)
Seat 2: Seat2Name123 ($4.4 in chips)
Seat 3: Seat3Name123 ($2.53 in chips)
Seat 4: Seat4Name123 ($3.87 in chips)
Seat 5: Seat5Name123 ($2.87 in chips)
Seat 6: Seat6Name123 ($2.01 in chips)
Seat2Name123: posts small blind $0.01
Seat3Name123: posts big blind $0.02
*** HOLE CARDS ***
Dealt to Hero [6s 7d]
Dealt to Seat2Name123 
Dealt to Seat3Name123 
Dealt to Seat4Name123 
Dealt to Seat5Name123 
Dealt to Seat6Name123 
Seat4Name123: folds
Seat5Name123: raises $0.02 to $0.04
Seat6Name123: folds
Hero: folds
Seat2Name123: raises $0.08 to $0.12
Seat3Name123: folds
Seat5Name123: folds
Uncalled bet ($0.08) returned to Seat2Name123
*** SHOWDOWN ***
Seat2Name123 collected $0.1 from pot
*** SUMMARY ***
Total pot $0.1 | Rake $0 | Jackpot $0 | Bingo $0 | Fortune $0 | Tax $0
Seat 1: Hero (button) folded before Flop (didn't bet)
Seat 2: Seat2Name123 (small blind) collected ($0.1)
Seat 3: Seat3Name123 (big blind) folded before Flop
Seat 4: Seat4Name123 folded before Flop (didn't bet)
Seat 5: Seat5Name123 folded before Flop
Seat 6: Seat6Name123 folded before Flop (didn't bet)


Poker Hand #HandID123: Hold'em No Limit ($0.01/$0.02) - 2025/01/01 00:00:00
Table 'TableName123' 6-max Seat #1 is the button
Seat 1: Seat1Name123 ($2.57 in chips)
Seat 2: Hero ($2.67 in chips)
Seat 3: Seat3Name123 ($2 in chips)
Seat 4: Seat4Name123 ($2.22 in chips)
Seat 5: Seat5Name123 ($1.6 in chips)
Seat 6: Seat6Name123 ($2.13 in chips)
Hero: posts small blind $0.01
Seat3Name123: posts big blind $0.02
*** HOLE CARDS ***
Dealt to Seat1Name123 
Dealt to Hero [Ac Qd]
Dealt to Seat3Name123 
Dealt to Seat4Name123 
Dealt to Seat5Name123 
Dealt to Seat6Name123 
Seat4Name123: folds
Seat5Name123: folds
Seat6Name123: folds
Seat1Name123: raises $0.02 to $0.04
Hero: raises $0.12 to $0.16
Seat3Name123: folds
Seat1Name123: folds
Uncalled bet ($0.12) returned to Hero
*** SHOWDOWN ***
Hero collected $0.1 from pot
*** SUMMARY ***
Total pot $0.1 | Rake $0 | Jackpot $0 | Bingo $0 | Fortune $0 | Tax $0
Seat 1: Seat1Name123 (button) folded before Flop
Seat 2: Hero (small blind) collected ($0.1)
Seat 3: Seat3Name123 (big blind) folded before Flop
Seat 4: Seat4Name123 folded before Flop (didn't bet)
Seat 5: Seat5Name123 folded before Flop (didn't bet)
Seat 6: Seat6Name123 folded before Flop (didn't bet)


Poker Hand #HandID123: Hold'em No Limit ($0.01/$0.02) - 2025/01/01 00:00:00
Table 'TableName123' 6-max Seat #1 is the button
Seat 1: Seat1Name123 ($1.77 in chips)
Seat 2: Seat2Name123 ($4.41 in chips)
Seat 3: Hero ($2.69 in chips)
Seat 4: Seat4Name123 ($2.34 in chips)
Seat 5: Seat5Name123 ($1.2 in chips)
Seat 6: Seat6Name123 ($2.25 in chips)
Seat2Name123: posts small blind $0.01
Hero: posts big blind $0.02
*** HOLE CARDS ***
Dealt to Seat1Name123 
Dealt to Seat2Name123 
Dealt to Hero [Jc 6c]
Dealt to Seat4Name123 
Dealt to Seat5Name123 
Dealt to Seat6Name123 
Seat4Name123: folds
Seat5Name123: folds
Seat6Name123: raises $0.03 to $0.05
Seat1Name123: folds
Seat2Name123: folds
Hero: folds
Uncalled bet ($0.03) returned to Seat6Name123
*** SHOWDOWN ***
Seat6Name123 collected $0.05 from pot
*** SUMMARY ***
Total pot $0.05 | Rake $0 | Jackpot $0 | Bingo $0 | Fortune $0 | Tax $0
Seat 1: Seat1Name123 (button) folded before Flop (didn't bet)
Seat 2: Seat2Name123 (small blind) folded before Flop
Seat 3: Hero (big blind) folded before Flop
Seat 4: Seat4Name123 folded before Flop (didn't bet)
Seat 5: Seat5Name123 folded before Flop (didn't bet)
Seat 6: Seat6Name123 collected ($0.05)


Poker Hand #HandID123: Hold'em No Limit ($0.01/$0.02) - 2025/01/01 00:00:00
Table 'TableName123' 6-max Seat #1 is the button
Seat 1: Seat1Name123 ($2.08 in chips)
Seat 2: Seat2Name123 ($2.08 in chips)
Seat 3: Seat3Name123 ($2 in chips)
Seat 4: Seat4Name123 ($2.16 in chips)
Seat 5: Seat5Name123 ($2.17 in chips)
Seat 6: Hero ($2.69 in chips)
Seat2Name123: posts small blind $0.01
Seat3Name123: posts big blind $0.02
*** HOLE CARDS ***
Dealt to Seat1Name123 
Dealt to Seat2Name123 
Dealt to Seat3Name123 
Dealt to Seat4Name123 
Dealt to Seat5Name123 
Dealt to Hero [7c 2c]
Seat4Name123: folds
Seat5Name123: folds
Hero: folds
Seat1Name123: folds
Seat2Name123: folds
Uncalled bet ($0.01) returned to Seat3Name123
*** SHOWDOWN ***
Seat3Name123 collected $0.02 from pot
*** SUMMARY ***
Total pot $0.02 | Rake $0 | Jackpot $0 | Bingo $0 | Fortune $0 | Tax $0
Seat 1: Seat1Name123 (button) folded before Flop (didn't bet)
Seat 2: Seat2Name123 (small blind) folded before Flop
Seat 3: Seat3Name123 (big blind) collected ($0.02)
Seat 4: Seat4Name123 folded before Flop (didn't bet)
Seat 5: Seat5Name123 folded before Flop (didn't bet)
Seat 6: Hero folded before Flop (didn't bet)


Poker Hand #HandID123: Hold'em No Limit ($0.01/$0.02) - 2025/01/01 00:00:00
Table 'TableName123' 6-max Seat #1 is the button
Seat 1: Seat1Name123 ($2.81 in chips)
Seat 2: Seat2Name123 ($2 in chips)
Seat 3: Seat3Name123 ($2.05 in chips)
Seat 4: Seat4Name123 ($3.11 in chips)
Seat 5: Seat5Name123 ($5.94 in chips)
Seat 6: Hero ($2.69 in chips)
Seat2Name123: posts small blind $0.01
Seat3Name123: posts big blind $0.02
*** HOLE CARDS ***
Dealt to Seat1Name123 
Dealt to Seat2Name123 
Dealt to Seat3Name123 
Dealt to Seat4Name123 
Dealt to Seat5Name123 
Dealt to Hero [6c 9h]
Seat4Name123: folds
Seat5Name123: folds
Hero: folds
Seat1Name123: folds
Seat2Name123: raises $0.03 to $0.05
Seat3Name123: calls $0.03
*** FLOP *** [Qs 7c Jd]
Seat2Name123: checks
Seat3Name123: checks
*** TURN *** [Qs 7c Jd] [2c]
Seat2Name123: checks
Seat3Name123: bets $0.06
Seat2Name123: calls $0.06
*** RIVER *** [Qs 7c Jd 2c] [3s]
Seat2Name123: checks
Seat3Name123: checks
Seat2Name123: shows [Kc Jh] (Pair of Jacks)
Seat3Name123: shows [Td Js] (Pair of Jacks)
*** SHOWDOWN ***
Seat2Name123 collected $0.21 from pot
*** SUMMARY ***
Total pot $0.22 | Rake $0.01 | Jackpot $0 | Bingo $0 | Fortune $0 | Tax $0
Board [Qs 7c Jd 2c 3s]
Seat 1: Seat1Name123 (button) folded before Flop (didn't bet)
Seat 2: Seat2Name123 (small blind) showed [Kc Jh] and won ($0.21) with Pair of Jacks
Seat 3: Seat3Name123 (big blind) showed [Td Js] and lost with Pair of Jacks
Seat 4: Seat4Name123 folded before Flop (didn't bet)
Seat 5: Seat5Name123 folded before Flop (didn't bet)
Seat 6: Hero folded before Flop (didn't bet)


Poker Hand #HandID123: Hold'em No Limit ($0.01/$0.02) - 2025/01/01 00:00:00
Table 'TableName123' 6-max Seat #1 is the button
Seat 1: Hero ($2.01 in chips)
Seat 2: Seat2Name123 ($2.12 in chips)
Seat 3: Seat3Name123 ($2.75 in chips)
Seat 4: Seat4Name123 ($0.67 in chips)
Seat 5: Seat5Name123 ($3.76 in chips)
Seat 6: Seat6Name123 ($2.03 in chips)
Seat2Name123: posts small blind $0.01
Seat3Name123: posts big blind $0.02
*** HOLE CARDS ***
Dealt to Hero [Ac Ad]
Dealt to Seat2Name123 
Dealt to Seat3Name123 
Dealt to Seat4Name123 
Dealt to Seat5Name123 
Dealt to Seat6Name123 
Seat4Name123: calls $0.02
Seat5Name123: folds
Seat6Name123: raises $0.07 to $0.09
Hero: raises $0.18 to $0.27
Seat2Name123: folds
Seat3Name123: folds
Seat4Name123: calls $0.25
Seat6Name123: folds
*** FLOP *** [4s 5s 2d]
Seat4Name123: checks
Hero: bets $0.28
Seat4Name123: calls $0.28
*** TURN *** [4s 5s 2d] [5d]
Seat4Name123: checks
Hero: bets $0.21
Seat4Name123: calls $0.12 and is all-in
Uncalled bet ($0.09) returned to Hero
Hero: shows [Ac Ad] (Pair of Aces and Pair of Fives)
Seat4Name123: shows [Tc 9c] (Pair of Fives)
*** RIVER *** [4s 5s 2d 5d] [Kd]
*** SHOWDOWN ***
Hero collected $1.35 from pot
*** SUMMARY ***
Total pot $1.46 | Rake $0.08 | Jackpot $0.03 | Bingo $0 | Fortune $0 | Tax $0
Board [4s 5s 2d 5d Kd]
Seat 1: Hero (button) showed [Ac Ad] and won ($1.35) with Pair of Aces and Pair of Fives
Seat 2: Seat2Name123 (small blind) folded before Flop
Seat 3: Seat3Name123 (big blind) folded before Flop
Seat 4: Seat4Name123 showed [Tc 9c] and lost with Pair of Fives
Seat 5: Seat5Name123 folded before Flop (didn't bet)
Seat 6: Seat6Name123 folded before Flop


Poker Hand #HandID123: Hold'em No Limit ($0.01/$0.02) - 2025/01/01 00:00:00
Table 'TableName123' 6-max Seat #1 is the button
Seat 1: Seat1Name123 ($2 in chips)
Seat 2: Seat2Name123 ($2.05 in chips)
Seat 3: Seat3Name123 ($3.33 in chips)
Seat 4: Seat4Name123 ($2.35 in chips)
Seat 5: Seat5Name123 ($3.6 in chips)
Seat 6: Hero ($2.01 in chips)
Seat2Name123: posts small blind $0.01
Seat3Name123: posts big blind $0.02
*** HOLE CARDS ***
Dealt to Seat1Name123 
Dealt to Seat2Name123 
Dealt to Seat3Name123 
Dealt to Seat4Name123 
Dealt to Seat5Name123 
Dealt to Hero [5s As]
Seat4Name123: raises $0.04 to $0.06
Seat5Name123: calls $0.06
Hero: folds
Seat1Name123: folds
Seat2Name123: folds
Seat3Name123: folds
*** FLOP *** [8d Ac Kc]
Seat4Name123: bets $0.11
Seat5Name123: calls $0.11
*** TURN *** [8d Ac Kc] [Th]
Seat4Name123: bets $0.25
Seat5Name123: calls $0.25
*** RIVER *** [8d Ac Kc Th] [3h]
Seat4Name123: bets $1.93 and is all-in
Seat5Name123: calls $1.93
Seat4Name123: shows [Jd Qd] (Aces-High Straight)
Seat5Name123: shows [Js Ad] (Pair of Aces)
*** SHOWDOWN ***
Seat4Name123 collected $4.64 from pot
*** SUMMARY ***
Total pot $4.73 | Rake $0.06 | Jackpot $0.03 | Bingo $0 | Fortune $0 | Tax $0
Board [8d Ac Kc Th 3h]
Seat 1: Seat1Name123 (button) folded before Flop (didn't bet)
Seat 2: Seat2Name123 (small blind) folded before Flop
Seat 3: Seat3Name123 (big blind) folded before Flop
Seat 4: Seat4Name123 showed [Jd Qd] and won ($4.64) with Aces-High Straight
Seat 5: Seat5Name123 showed [Js Ad] and lost with Pair of Aces
Seat 6: Hero folded before Flop (didn't bet)


Poker Hand #HandID123: Hold'em No Limit ($0.01/$0.02) - 2025/01/01 00:00:00
Table 'TableName123' 6-max Seat #1 is the button
Seat 1: Seat1Name123 ($2.05 in chips)
Seat 2: Hero ($2.02 in chips)
Seat 3: Seat3Name123 ($3.7 in chips)
Seat 4: Seat4Name123 ($2.09 in chips)
Seat 5: Seat5Name123 ($2.46 in chips)
Seat 6: Seat6Name123 ($3.91 in chips)
Hero: posts small blind $0.01
Seat3Name123: posts big blind $0.02
*** HOLE CARDS ***
Dealt to Seat1Name123 
Dealt to Hero [9h 7d]
Dealt to Seat3Name123 
Dealt to Seat4Name123 
Dealt to Seat5Name123 
Dealt to Seat6Name123 
Seat4Name123: folds
Seat5Name123: folds
Seat6Name123: folds
Seat1Name123: raises $0.03 to $0.05
Hero: folds
Seat3Name123: calls $0.03
*** FLOP *** [4h 2c 8h]
Seat3Name123: bets $0.06
Seat1Name123: folds
Uncalled bet ($0.06) returned to Seat3Name123
*** SHOWDOWN ***
Seat3Name123 collected $0.11 from pot
*** SUMMARY ***
Total pot $0.11 | Rake $0 | Jackpot $0 | Bingo $0 | Fortune $0 | Tax $0
Board [4h 2c 8h]
Seat 1: Seat1Name123 (button) folded on the Flop
Seat 2: Hero (small blind) folded before Flop
Seat 3: Seat3Name123 (big blind) won ($0.11)
Seat 4: Seat4Name123 folded before Flop (didn't bet)
Seat 5: Seat5Name123 folded before Flop (didn't bet)
Seat 6: Seat6Name123 folded before Flop (didn't bet)


Poker Hand #HandID123: Hold'em No Limit ($0.01/$0.02) - 2025/01/01 00:00:00
Table 'TableName123' 6-max Seat #1 is the button
Seat 1: Seat1Name123 ($2.37 in chips)
Seat 2: Seat2Name123 ($2.33 in chips)
Seat 3: Hero ($2.04 in chips)
Seat 4: Seat4Name123 ($3.63 in chips)
Seat 5: Seat5Name123 ($2.76 in chips)
Seat 6: Seat6Name123 ($1.02 in chips)
Seat2Name123: posts small blind $0.01
Hero: posts big blind $0.02
*** HOLE CARDS ***
Dealt to Seat1Name123 
Dealt to Seat2Name123 
Dealt to Hero [Js 4h]
Dealt to Seat4Name123 
Dealt to Seat5Name123 
Dealt to Seat6Name123 
Seat4Name123: folds
Seat5Name123: folds
Seat6Name123: folds
Seat1Name123: folds
Seat2Name123: raises $0.04 to $0.06
Hero: folds
Uncalled bet ($0.04) returned to Seat2Name123
*** SHOWDOWN ***
Seat2Name123 collected $0.04 from pot
*** SUMMARY ***
Total pot $0.04 | Rake $0 | Jackpot $0 | Bingo $0 | Fortune $0 | Tax $0
Seat 1: Seat1Name123 (button) folded before Flop (didn't bet)
Seat 2: Seat2Name123 (small blind) collected ($0.04)
Seat 3: Hero (big blind) folded before Flop
Seat 4: Seat4Name123 folded before Flop (didn't bet)
Seat 5: Seat5Name123 folded before Flop (didn't bet)
Seat 6: Seat6Name123 folded before Flop (didn't bet)


Poker Hand #HandID123: Hold'em No Limit ($0.01/$0.02) - 2025/01/01 00:00:00
Table 'TableName123' 6-max Seat #1 is the button
Seat 1: Seat1Name123 ($3.71 in chips)
Seat 2: Seat2Name123 ($1.72 in chips)
Seat 3: Seat3Name123 ($12.45 in chips)
Seat 4: Seat4Name123 ($2.03 in chips)
Seat 5: Seat5Name123 ($0.97 in chips)
Seat 6: Hero ($2.06 in chips)
Seat2Name123: posts small blind $0.01
Seat3Name123: posts big blind $0.02
*** HOLE CARDS ***
Dealt to Seat1Name123 
Dealt to Seat2Name123 
Dealt to Seat3Name123 
Dealt to Seat4Name123 
Dealt to Seat5Name123 
Dealt to Hero [Jd 9h]
Seat4Name123: folds
Seat5Name123: calls $0.02
Hero: calls $0.02
Seat1Name123: folds
Seat2Name123: folds
Seat3Name123: checks
*** FLOP *** [Ah 5d Ts]
Seat3Name123: checks
Seat5Name123: checks
Hero: checks
*** TURN *** [Ah 5d Ts] [9s]
Seat3Name123: checks
Seat5Name123: bets $0.07
Hero: folds
Seat3Name123: folds
Uncalled bet ($0.07) returned to Seat5Name123
*** SHOWDOWN ***
Seat5Name123 collected $0.07 from pot
*** SUMMARY ***
Total pot $0.07 | Rake $0 | Jackpot $0 | Bingo $0 | Fortune $0 | Tax $0
Board [Ah 5d Ts 9s]
Seat 1: Seat1Name123 (button) folded before Flop (didn't bet)
Seat 2: Seat2Name123 (small blind) folded before Flop
Seat 3: Seat3Name123 (big blind) folded on the Turn
Seat 4: Seat4Name123 folded before Flop (didn't bet)
Seat 5: Seat5Name123 won ($0.07)
Seat 6: Hero folded on the Turn


Poker Hand #HandID123: Hold'em No Limit ($0.01/$0.02) - 2025/01/01 00:00:00
Table 'TableName123' 6-max Seat #1 is the button
Seat 1: Seat1Name123 ($3 in chips)
Seat 2: Seat2Name123 ($1.93 in chips)
Seat 3: Seat3Name123 ($12.5 in chips)
Seat 4: Seat4Name123 ($2.28 in chips)
Seat 5: Hero ($2 in chips)
Seat 6: Seat6Name123 ($2.95 in chips)
Seat2Name123: posts small blind $0.01
Seat3Name123: posts big blind $0.02
*** HOLE CARDS ***
Dealt to Seat1Name123 
Dealt to Seat2Name123 
Dealt to Seat3Name123 
Dealt to Seat4Name123 
Dealt to Hero [Th 9h]
Dealt to Seat6Name123 
Seat4Name123: folds
Hero: raises $0.03 to $0.05
Seat6Name123: folds
Seat1Name123: folds
Seat2Name123: folds
Seat3Name123: calls $0.03
*** FLOP *** [8c Kh As]
Seat3Name123: checks
Hero: bets $0.16
Seat3Name123: folds
Uncalled bet ($0.16) returned to Hero
*** SHOWDOWN ***
Hero collected $0.11 from pot
*** SUMMARY ***
Total pot $0.11 | Rake $0 | Jackpot $0 | Bingo $0 | Fortune $0 | Tax $0
Board [8c Kh As]
Seat 1: Seat1Name123 (button) folded before Flop (didn't bet)
Seat 2: Seat2Name123 (small blind) folded before Flop
Seat 3: Seat3Name123 (big blind) folded on the Flop
Seat 4: Seat4Name123 folded before Flop (didn't bet)
Seat 5: Hero won ($0.11)
Seat 6: Seat6Name123 folded before Flop (didn't bet)


Poker Hand #HandID123: Hold'em No Limit ($0.01/$0.02) - 2025/01/01 00:00:00
Table 'TableName123' 6-max Seat #1 is the button
Seat 1: Seat1Name123 ($3.22 in chips)
Seat 2: Seat2Name123 ($2.11 in chips)
Seat 3: Seat3Name123 ($2.16 in chips)
Seat 4: Hero ($2 in chips)
Seat 5: Seat5Name123 ($6.15 in chips)
Seat 6: Seat6Name123 ($3.66 in chips)
Seat2Name123: posts small blind $0.01
Seat3Name123: posts big blind $0.02
*** HOLE CARDS ***
Dealt to Seat1Name123 
Dealt to Seat2Name123 
Dealt to Seat3Name123 
Dealt to Hero [6h 4c]
Dealt to Seat5Name123 
Dealt to Seat6Name123 
Hero: folds
Seat5Name123: raises $0.03 to $0.05
Seat6Name123: folds
Seat1Name123: folds
Seat2Name123: folds
Seat3Name123: folds
Uncalled bet ($0.03) returned to Seat5Name123
*** SHOWDOWN ***
Seat5Name123 collected $0.05 from pot
*** SUMMARY ***
Total pot $0.05 | Rake $0 | Jackpot $0 | Bingo $0 | Fortune $0 | Tax $0
Seat 1: Seat1Name123 (button) folded before Flop (didn't bet)
Seat 2: Seat2Name123 (small blind) folded before Flop
Seat 3: Seat3Name123 (big blind) folded before Flop
Seat 4: Hero folded before Flop (didn't bet)
Seat 5: Seat5Name123 collected ($0.05)
Seat 6: Seat6Name123 folded before Flop (didn't bet)


Poker Hand #HandID123: Hold'em No Limit ($0.01/$0.02) - 2025/01/01 00:00:00
Table 'TableName123' 6-max Seat #1 is the button
Seat 1: Hero ($2 in chips)
Seat 2: Seat2Name123 ($2.01 in chips)
Seat 3: Seat3Name123 ($2.11 in chips)
Seat 4: Seat4Name123 ($2.49 in chips)
Seat 5: Seat5Name123 ($2.08 in chips)
Seat 6: Seat6Name123 ($2 in chips)
Seat2Name123: posts small blind $0.01
Seat3Name123: posts big blind $0.02
*** HOLE CARDS ***
Dealt to Hero [Kc 5h]
Dealt to Seat2Name123 
Dealt to Seat3Name123 
Dealt to Seat4Name123 
Dealt to Seat5Name123 
Dealt to Seat6Name123 
Seat4Name123: folds
Seat5Name123: folds
Seat6Name123: folds
Hero: folds
Seat2Name123: folds
Uncalled bet ($0.01) returned to Seat3Name123
*** SHOWDOWN ***
Seat3Name123 collected $0.02 from pot
*** SUMMARY ***
Total pot $0.02 | Rake $0 | Jackpot $0 | Bingo $0 | Fortune $0 | Tax $0
Seat 1: Hero (button) folded before Flop (didn't bet)
Seat 2: Seat2Name123 (small blind) folded before Flop
Seat 3: Seat3Name123 (big blind) collected ($0.02)
Seat 4: Seat4Name123 folded before Flop (didn't bet)
Seat 5: Seat5Name123 folded before Flop (didn't bet)
Seat 6: Seat6Name123 folded before Flop (didn't bet)


Poker Hand #HandID123: Hold'em No Limit ($0.01/$0.02) - 2025/01/01 00:00:00
Table 'TableName123' 6-max Seat #1 is the button
Seat 1: Seat1Name123 ($3.63 in chips)
Seat 2: Hero ($2 in chips)
Seat 3: Seat3Name123 ($1.6 in chips)
Seat 4: Seat4Name123 ($2.67 in chips)
Seat 5: Seat5Name123 ($2.11 in chips)
Seat 6: Seat6Name123 ($2.81 in chips)
Hero: posts small blind $0.01
Seat3Name123: posts big blind $0.02
*** HOLE CARDS ***
Dealt to Seat1Name123 
Dealt to Hero [Qs 4s]
Dealt to Seat3Name123 
Dealt to Seat4Name123 
Dealt to Seat5Name123 
Dealt to Seat6Name123 
Seat4Name123: folds
Seat5Name123: folds
Seat6Name123: folds
Seat1Name123: folds
Hero: raises $0.04 to $0.06
Seat3Name123: raises $0.14 to $0.2
Hero: folds
Uncalled bet ($0.14) returned to Seat3Name123
*** SHOWDOWN ***
Seat3Name123 collected $0.12 from pot
*** SUMMARY ***
Total pot $0.12 | Rake $0 | Jackpot $0 | Bingo $0 | Fortune $0 | Tax $0
Seat 1: Seat1Name123 (button) folded before Flop (didn't bet)
Seat 2: Hero (small blind) folded before Flop
Seat 3: Seat3Name123 (big blind) collected ($0.12)
Seat 4: Seat4Name123 folded before Flop (didn't bet)
Seat 5: Seat5Name123 folded before Flop (didn't bet)
Seat 6: Seat6Name123 folded before Flop (didn't bet)


Poker Hand #HandID123: Hold'em No Limit ($0.01/$0.02) - 2025/01/01 00:00:00
Table 'TableName123' 6-max Seat #1 is the button
Seat 1: Seat1Name123 ($1.5 in chips)
Seat 2: Seat2Name123 ($2.54 in chips)
Seat 3: Hero ($2 in chips)
Seat 4: Seat4Name123 ($3.64 in chips)
Seat 5: Seat5Name123 ($2.19 in chips)
Seat 6: Seat6Name123 ($1.35 in chips)
Seat2Name123: posts small blind $0.01
Hero: posts big blind $0.02
*** HOLE CARDS ***
Dealt to Seat1Name123 
Dealt to Seat2Name123 
Dealt to Hero [Jc Kh]
Dealt to Seat4Name123 
Dealt to Seat5Name123 
Dealt to Seat6Name123 
Seat4Name123: raises $0.04 to $0.06
Seat5Name123: raises $0.12 to $0.18
Seat6Name123: folds
Seat1Name123: folds
Seat2Name123: folds
Hero: folds
Seat4Name123: calls $0.12
*** FLOP *** [9c 8c 3c]
Seat4Name123: checks
Seat5Name123: bets $0.09
Seat4Name123: calls $0.09
*** TURN *** [9c 8c 3c] [3d]
Seat4Name123: checks
Seat5Name123: checks
*** RIVER *** [9c 8c 3c 3d] [Qs]
Seat4Name123: checks
Seat5Name123: bets $0.24
Seat4Name123: folds
Uncalled bet ($0.24) returned to Seat5Name123
*** SHOWDOWN ***
Seat5Name123 collected $0.55 from pot
*** SUMMARY ***
Total pot $0.57 | Rake $0.02 | Jackpot $0 | Bingo $0 | Fortune $0 | Tax $0
Board [9c 8c 3c 3d Qs]
Seat 1: Seat1Name123 (button) folded before Flop (didn't bet)
Seat 2: Seat2Name123 (small blind) folded before Flop
Seat 3: Hero (big blind) folded before Flop
Seat 4: Seat4Name123 folded on the River
Seat 5: Seat5Name123 won ($0.55)
Seat 6: Seat6Name123 folded before Flop (didn't bet)


Poker Hand #HandID123: Hold'em No Limit ($0.01/$0.02) - 2025/01/01 00:00:00
Table 'TableName123' 6-max Seat #1 is the button
Seat 1: Seat1Name123 ($2.66 in chips)
Seat 2: Seat2Name123 ($2.66 in chips)
Seat 3: Seat3Name123 ($2.21 in chips)
Seat 4: Seat4Name123 ($2.34 in chips)
Seat 5: Hero ($2 in chips)
Seat 6: Seat6Name123 ($2.08 in chips)
Seat2Name123: posts small blind $0.01
Seat3Name123: posts big blind $0.02
*** HOLE CARDS ***
Dealt to Seat1Name123 
Dealt to Seat2Name123 
Dealt to Seat3Name123 
Dealt to Seat4Name123 
Dealt to Hero [9d 9c]
Dealt to Seat6Name123 
Seat4Name123: folds
Hero: raises $0.03 to $0.05
Seat6Name123: folds
Seat1Name123: folds
Seat2Name123: folds
Seat3Name123: raises $0.15 to $0.2
Hero: folds
Uncalled bet ($0.15) returned to Seat3Name123
*** SHOWDOWN ***
Seat3Name123 collected $0.11 from pot
*** SUMMARY ***
Total pot $0.11 | Rake $0 | Jackpot $0 | Bingo $0 | Fortune $0 | Tax $0
Seat 1: Seat1Name123 (button) folded before Flop (didn't bet)
Seat 2: Seat2Name123 (small blind) folded before Flop
Seat 3: Seat3Name123 (big blind) collected ($0.11)
Seat 4: Seat4Name123 folded before Flop (didn't bet)
Seat 5: Hero folded before Flop
Seat 6: Seat6Name123 folded before Flop (didn't bet)


Poker Hand #HandID123: Hold'em No Limit ($0.01/$0.02) - 2025/01/01 00:00:00
Table 'TableName123' 6-max Seat #1 is the button
Seat 1: Seat1Name123 ($4.13 in chips)
Seat 2: Seat2Name123 ($2.01 in chips)
Seat 3: Seat3Name123 ($2.17 in chips)
Seat 4: Seat4Name123 ($2.35 in chips)
Seat 5: Hero ($2 in chips)
Seat 6: Seat6Name123 ($2.04 in chips)
Seat2Name123: posts small blind $0.01
Seat3Name123: posts big blind $0.02
*** HOLE CARDS ***
Dealt to Seat1Name123 
Dealt to Seat2Name123 
Dealt to Seat3Name123 
Dealt to Seat4Name123 
Dealt to Hero [2d Qc]
Dealt to Seat6Name123 
Seat4Name123: raises $0.03 to $0.05
Hero: folds
Seat6Name123: folds
Seat1Name123: folds
Seat2Name123: folds
Seat3Name123: calls $0.03
*** FLOP *** [6d Jc 5h]
Seat3Name123: checks
Seat4Name123: bets $0.04
Seat3Name123: folds
Uncalled bet ($0.04) returned to Seat4Name123
*** SHOWDOWN ***
Seat4Name123 collected $0.11 from pot
*** SUMMARY ***
Total pot $0.11 | Rake $0 | Jackpot $0 | Bingo $0 | Fortune $0 | Tax $0
Board [6d Jc 5h]
Seat 1: Seat1Name123 (button) folded before Flop (didn't bet)
Seat 2: Seat2Name123 (small blind) folded before Flop
Seat 3: Seat3Name123 (big blind) folded on the Flop
Seat 4: Seat4Name123 won ($0.11)
Seat 5: Hero folded before Flop (didn't bet)
Seat 6: Seat6Name123 folded before Flop (didn't bet)


Poker Hand #HandID123: Hold'em No Limit ($0.01/$0.02) - 2025/01/01 00:00:00
Table 'TableName123' 6-max Seat #1 is the button
Seat 1: Seat1Name123 ($1.99 in chips)
Seat 2: Seat2Name123 ($2.44 in chips)
Seat 3: Seat3Name123 ($2.03 in chips)
Seat 4: Seat4Name123 ($4.13 in chips)
Seat 5: Hero ($2 in chips)
Seat 6: Seat6Name123 ($2.15 in chips)
Seat2Name123: posts small blind $0.01
Seat3Name123: posts big blind $0.02
*** HOLE CARDS ***
Dealt to Seat1Name123 
Dealt to Seat2Name123 
Dealt to Seat3Name123 
Dealt to Seat4Name123 
Dealt to Hero [4d Ad]
Dealt to Seat6Name123 
Seat4Name123: folds
Hero: raises $0.03 to $0.05
Seat6Name123: raises $0.13 to $0.18
Seat1Name123: folds
Seat2Name123: folds
Seat3Name123: folds
Hero: folds
Uncalled bet ($0.13) returned to Seat6Name123
*** SHOWDOWN ***
Seat6Name123 collected $0.13 from pot
*** SUMMARY ***
Total pot $0.13 | Rake $0 | Jackpot $0 | Bingo $0 | Fortune $0 | Tax $0
Seat 1: Seat1Name123 (button) folded before Flop (didn't bet)
Seat 2: Seat2Name123 (small blind) folded before Flop
Seat 3: Seat3Name123 (big blind) folded before Flop
Seat 4: Seat4Name123 folded before Flop (didn't bet)
Seat 5: Hero folded before Flop
Seat 6: Seat6Name123 collected ($0.13)


Poker Hand #HandID123: Hold'em No Limit ($0.01/$0.02) - 2025/01/01 00:00:00
Table 'TableName123' 6-max Seat #1 is the button
Seat 1: Seat1Name123 ($1.05 in chips)
Seat 2: Seat2Name123 ($2.08 in chips)
Seat 3: Seat3Name123 ($2.21 in chips)
Seat 4: Seat4Name123 ($2.28 in chips)
Seat 5: Hero ($2 in chips)
Seat 6: Seat6Name123 ($4.8 in chips)
Seat2Name123: posts small blind $0.01
Seat3Name123: posts big blind $0.02
*** HOLE CARDS ***
Dealt to Seat1Name123 
Dealt to Seat2Name123 
Dealt to Seat3Name123 
Dealt to Seat4Name123 
Dealt to Hero [6d Qh]
Dealt to Seat6Name123 
Seat4Name123: folds
Hero: folds
Seat6Name123: raises $0.02 to $0.04
Seat1Name123: folds
Seat2Name123: folds
Seat3Name123: folds
Uncalled bet ($0.02) returned to Seat6Name123
*** SHOWDOWN ***
Seat6Name123 collected $0.05 from pot
*** SUMMARY ***
Total pot $0.05 | Rake $0 | Jackpot $0 | Bingo $0 | Fortune $0 | Tax $0
Seat 1: Seat1Name123 (button) folded before Flop (didn't bet)
Seat 2: Seat2Name123 (small blind) folded before Flop
Seat 3: Seat3Name123 (big blind) folded before Flop
Seat 4: Seat4Name123 folded before Flop (didn't bet)
Seat 5: Hero folded before Flop (didn't bet)
Seat 6: Seat6Name123 collected ($0.05)


Poker Hand #HandID123: Hold'em No Limit ($0.01/$0.02) - 2025/01/01 00:00:00
Table 'TableName123' 6-max Seat #1 is the button
Seat 1: Hero ($2 in chips)
Seat 2: Seat2Name123 ($2.98 in chips)
Seat 3: Seat3Name123 ($1.97 in chips)
Seat 4: Seat4Name123 ($2.39 in chips)
Seat 5: Seat5Name123 ($3.98 in chips)
Seat 6: Seat6Name123 ($1.21 in chips)
Seat2Name123: posts small blind $0.01
Seat3Name123: posts big blind $0.02
*** HOLE CARDS ***
Dealt to Hero [Jd 6c]
Dealt to Seat2Name123 
Dealt to Seat3Name123 
Dealt to Seat4Name123 
Dealt to Seat5Name123 
Dealt to Seat6Name123 
Seat4Name123: folds
Seat5Name123: folds
Seat6Name123: folds
Hero: raises $0.03 to $0.05
Seat2Name123: folds
Seat3Name123: calls $0.03
*** FLOP *** [9d Qs 2d]
Seat3Name123: bets $0.11
Hero: folds
Uncalled bet ($0.11) returned to Seat3Name123
*** SHOWDOWN ***
Seat3Name123 collected $0.11 from pot
*** SUMMARY ***
Total pot $0.11 | Rake $0 | Jackpot $0 | Bingo $0 | Fortune $0 | Tax $0
Board [9d Qs 2d]
Seat 1: Hero (button) folded on the Flop
Seat 2: Seat2Name123 (small blind) folded before Flop
Seat 3: Seat3Name123 (big blind) won ($0.11)
Seat 4: Seat4Name123 folded before Flop (didn't bet)
Seat 5: Seat5Name123 folded before Flop (didn't bet)
Seat 6: Seat6Name123 folded before Flop (didn't bet)


Poker Hand #HandID123: Hold'em No Limit ($0.01/$0.02) - 2025/01/01 00:00:00
Table 'TableName123' 6-max Seat #1 is the button
Seat 1: Seat1Name123 ($2.12 in chips)
Seat 2: Hero ($2.01 in chips)
Seat 3: Seat3Name123 ($2.01 in chips)
Seat 4: Seat4Name123 ($2.83 in chips)
Seat 5: Seat5Name123 ($3.07 in chips)
Seat 6: Seat6Name123 ($1.53 in chips)
Hero: posts small blind $0.01
Seat3Name123: posts big blind $0.02
*** HOLE CARDS ***
Dealt to Seat1Name123 
Dealt to Hero [Qh Jd]
Dealt to Seat3Name123 
Dealt to Seat4Name123 
Dealt to Seat5Name123 
Dealt to Seat6Name123 
Seat4Name123: raises $0.02 to $0.04
Seat5Name123: folds
Seat6Name123: raises $0.04 to $0.08
Seat1Name123: folds
Hero: folds
Seat3Name123: folds
Seat4Name123: calls $0.04
*** FLOP *** [8s 9c 5s]
Seat4Name123: checks
Seat6Name123: bets $0.1
Seat4Name123: raises $0.31 to $0.41
Seat6Name123: raises $1.04 to $1.45 and is all-in
Seat4Name123: calls $1.04
Seat6Name123: shows [Ac Ah] (Pair of Aces)
Seat4Name123: shows [5c 5h] (Three Fives)
*** TURN *** [8s 9c 5s] [Ad]
*** RIVER *** [8s 9c 5s Ad] [Td]
*** SHOWDOWN ***
Seat6Name123 collected $3 from pot
*** SUMMARY ***
Total pot $3.09 | Rake $0.06 | Jackpot $0.03 | Bingo $0 | Fortune $0 | Tax $0
Board [8s 9c 5s Ad Td]
Seat 1: Seat1Name123 (button) folded before Flop (didn't bet)
Seat 2: Hero (small blind) folded before Flop
Seat 3: Seat3Name123 (big blind) folded before Flop
Seat 4: Seat4Name123 showed [5c 5h] and lost with Three Fives
Seat 5: Seat5Name123 folded before Flop (didn't bet)
Seat 6: Seat6Name123 showed [Ac Ah] and won ($3) with Three Aces


Poker Hand #HandID123: Hold'em No Limit ($0.01/$0.02) - 2025/01/01 00:00:00
Table 'TableName123' 6-max Seat #1 is the button
Seat 1: Seat1Name123 ($0.65 in chips)
Seat 2: Seat2Name123 ($1.82 in chips)
Seat 3: Hero ($2 in chips)
Seat 4: Seat4Name123 ($2.51 in chips)
Seat 5: Seat5Name123 ($2 in chips)
Seat 6: Seat6Name123 ($1.33 in chips)
Seat2Name123: posts small blind $0.01
Hero: posts big blind $0.02
*** HOLE CARDS ***
Dealt to Seat1Name123 
Dealt to Seat2Name123 
Dealt to Hero [7s 2c]
Dealt to Seat4Name123 
Dealt to Seat5Name123 
Dealt to Seat6Name123 
Seat4Name123: folds
Seat5Name123: folds
Seat6Name123: folds
Seat1Name123: folds
Seat2Name123: folds
Uncalled bet ($0.01) returned to Hero
*** SHOWDOWN ***
Hero collected $0.02 from pot
*** SUMMARY ***
Total pot $0.02 | Rake $0 | Jackpot $0 | Bingo $0 | Fortune $0 | Tax $0
Seat 1: Seat1Name123 (button) folded before Flop (didn't bet)
Seat 2: Seat2Name123 (small blind) folded before Flop
Seat 3: Hero (big blind) collected ($0.02)
Seat 4: Seat4Name123 folded before Flop (didn't bet)
Seat 5: Seat5Name123 folded before Flop (didn't bet)
Seat 6: Seat6Name123 folded before Flop (didn't bet)


